3444 5132
780 219 912 276 ..14-

262 355 339 428 stat,
358 337 489 430 quibus
518 364 533 402 «
553 359 624 408 non
646 337 760 406 solum
788 353 958 407 terrarum
982 346 1085 429 atque
1113 339 1292 434 regionum
1322 340 1427 412 situm

260 479 292 532 et
314 478 473 552 naturam
496 460 684 554 descripsit,
710 460 894 532 sedetiam
919 461 962 530 de
985 461 1138 554 gentium
1173 464 1320 557 ingenio,
1348 488 1424 535 mo-

262 584 368 672 ribus,
389 584 550 655 institutis
569 601 671 676 atque
689 583 948 677 antiquitatibus
962 586 1112 677 prodidit
1131 605 1425 677 quaeymemoratu

260 709 361 803 digna
383 710 592 781 viderentur·
608 711 660 780 Ex
675 732 744 801 quo
763 732 883 802 genere
898 726 978 779 sunt
996 731 1084 801 quae
1099 711 1187 780 libro
1203 699 1275 783 l‘de
1291 711 1426 784 Mauris

260 851 292 904 et
316 834 511 905 Fortunatis
541 835 661 905 insulis
688 855 726 904 ac
759 836 801 903 de
830 835 1020 926 piratarum
1051 834 1179 927 origine
1208 852 1240 905 et
1273 835 1423 928 sedibus,

261 957 347 1028 libro
375 957 409 1027 ll
437 959 478 1029 de
507 957 684 1030 Sardiniae
714 974 747 1027 et
769 956 930 1028 Corsicae
957 973 1077 1027 natura
1113 957 1427 1051 antiquissimisque

261 1079 378 1151 incolis
388 1098 420 1152 et
430 1082 472 1151 de
484 1080 724 1173 Hispanorum
740 1081 894 1152 moribus
913 1097 945 1150 et
959 1080 1118 1151 bellicosa
1135 1083 1260 1172 indole,
1271 1082 1360 1152 libro
1372 1083 1424 1152 Ill

261 1205 302 1275 de
321 1207 406 1276 mari
433 1208 577 1278 Pontico
599 1223 632 1276 et
655 1204 971 1276 circumiacentibus
996 1205 1165 1298 gentibus,
1191 1206 1233 1276 de
1266 1205 1426 1276 Danubio

261 1345 294 1398 et
315 1328 510 1420 Germanis,
532 1331 574 1400 de
592 1329 695 1400 Creta
713 1329 825 1400 insula
844 1330 985 1422 eiusque
1000 1331 1230 1424 religionibus,
1249 1330 1335 1402 libro
1352 1331 1426 1400 llll

262 1454 304 1525 de
328 1455 516 1546 Euphrate,
537 1454 646 1548 Tigri,
664 1454 917 1546 Mesopotamia
936 1471 967 1524 et
991 1453 1171 1544 Armenia,
1193 1455 1235 1524 de
1257 1454 1426 1525 Thraciae

261 1594 358 1671 gente
383 1580 584 1671 Mysorum,
612 1579 760 1670 denique
796 1578 838 1648 de
876 1576 993 1648 ltaliae
1030 1576 1202 1649 inferioris
1237 1577 1375 1671 ingenio
1395 1595 1427 1646 et

261 1701 346 1772 lreto
369 1701 484 1774 Siculo
507 1701 629 1772 tradita
653 1703 845 1792 leguntur»
871 1703 933 1790 (ι).
960 1702 1121 1793 Cumque
1145 1701 1181 1772 id
1206 1700 1425 1793 potissimum

261 1849 367 1920 genus
392 1849 507 1898 rerum
527 1826 712 1920 Originum
737 1811 865 1897 auctori
888 1845 1066 1920 acceptum
1089 1849 1162 1896 esse
1192 1826 1340 1915 deberet,
1367 1825 1425 1917 qui

262 1950 502 2022 historicorum
526 1950 631 2021 libros
654 1950 700 2021 ita
728 1951 798 2020 fere
826 1948 977 2040 adhibet,
1002 1966 1040 2019 ut
1073 1949 1229 2042 neglectis
1255 1949 1356 2020 rebus
1382 1949 1426 2018 ad

262 2073 458 2152 historicam
481 2073 727 2166 expositionem
753 2072 1001 2166 pertinentibus
1024 2095 1063 2142 ea
1095 2073 1276 2165 praecipue
1301 2072 1423 2144 exscri-

261 2197 341 2268 bere
365 2200 484 2288 soleat,
509 2219 597 2288 quae
619 2197 663 2267 ad
686 2197 925 2268 illustrandam
952 2213 1122 2266 terrarum
1142 2213 1301 2268 naturam
1323 2213 1425 2288 atque

262 2310 412 2414 gentium
435 2321 586 2394 indolem
609 2311 808 2415 interposita
827 2339 918 2410 sunt,
939 2341 1088 2414 cumque
1102 2322 1191 2392 hanc
1204 2321 1314 2414 ipsam
1333 2321 1425 2392 viam
1466 2319 1468 2324 ⁸

262 2468 301 2515 ac
323 2447 489 2518 rationem
518 2463 652 2516 secutus
678 2430 778 2516 sitin
806 2445 871 2516 illis
901 2467 988 2536 quos
1012 2466 1052 2516 ex
1076 2446 1241 2538 Iugurtha
1264 2445 1426 2538 expressit
1533 2455 1539 2458 ’

261 2571 356 2661 locis,
388 2571 673 2643 verisimillimum
696 2595 768 2642 esse
800 2589 952 2665 apparet,
988 2571 1162 2642 Isidorum
1190 2554 1424 2640 Historiarum

261 2716 398 2787 quoque
421 2694 515 2797 libris
537 2719 610 2766 esse
629 2719 744 2767 usum.
773 2689 925 2770 Sufficiat
946 2683 1048 2788 igitur
1070 2711 1108 2764 ut
1130 2695 1335 2784 monuerim,
1359 2693 1423 2765 lsi·
1484 2687 1486 2698 '

261 2818 387 2888 dorum
421 2836 555 2912 praeter
588 2819 791 2912 Iugurtham
821 2806 928 2891 'etiam
966 2819 1115 2910 reliquos
1148 2817 1286 2892 Sallusti
1321 2815 1425 2887 libros

261 2941 421 3013 adhibere
446 2944 610 3037 potuisse,
635 2959 740 3036 utque
766 2943 1025 3036 significaverim
1058 2966 1164 3036 genus
1187 2957 1303 3013 ¹rerum
1331 2943 1425 3033 quod

260 3089 298 3136 ex
326 3067 560 3138 Historiarum
583 3067 678 3138 libris
702 3067 737 3137 in
757 3090 860 3138 suum
880 3089 985 3139 usum
1009 3084 1204 3174 convertere
1226 3065 1386 3158 potuerit.

304 3189 373 3262 Sed
408 3189 612 3282 priusquam
647 3191 691 3262 ad
724 3193 877 3284 exempla
905 3209 1120 3262 transeamus
1142 3189 1453 3281 Sallustianisque.

259 3314 455 3407 fragmentis
478 3315 637 3386 eruendis
655 3336 797 3408 operam
819 3337 996 3406 navemus,
1018 3314 1102 3408 quid
1126 3315 1168 3384 de
1193 3310 1326 3384 Isidoro
1345 3335 1422 3386 sen·

262 3440 366 3509 serint
388 3439 674 3512 Sallustianorum
694 3441 964 3534 fragmentorum
982 3431 1127 3512 editores
1151 3439 1297 3512 breviter
1313 3463 1423 3532 expo·
1532 3491 1534 3496 -

172 3551 175 3558 ’
261 3584 397 3652 narnus.
620 3542 627 3552 ’

307 3685 382 3774 Qui
402 3687 847 3783 Historiarumfragmenta
873 3690 1058 3761 ediderunt⁴
1077 3702 1184 3781 usque
1203 3690 1247 3760 ad
1272 3687 1423 3758 Frideri-

260 3830 340 3879 cum
366 3807 464 3878 Kritz
481 3809 635 3902 (Lipsiae
655 3811 758 3902 1853)
780 3832 850 3882 non
866 3805 1107 3883 dubitaverunt
1120 3811 1261 3904 quidem
1277 3811 1425 3902 recipere

260 3955 299 4003 ea
322 3933 463 4025 quaein
485 3932 686 4028 Originibus
715 3959 755 4008 ex
783 3934 929 4010 Sallusti
951 3934 1113 4008 Historiis
1138 3933 1268 4007 exstare
1297 3955 1423 4026 cogno·

262 4125 413 4137 ύ-ιιιι--ιι-ι

295 4245 333 4318 (ι)
347 4246 445 4302 Verba
459 4259 528 4304 sunt
540 4265 574 4306 ex
588 4249 692 4307 Kritzii
707 4249 841 4325 Epistola
861 4249 964 4308 critica
984 4249 1022 4307 ad
1042 4237 1199 4308 Ernestum
1220 4247 1423 4308 Waesteman·

261 4351 329 4390 num
342 4352 370 4408 p.
386 4352 452 4412 xxiv
465 4353 507 4410 sq.
521 4337 588 4406 (vol.
606 4356 644 4396 111·
653 4356 721 4412 opp·
738 4337 878 4408 Sallusti).
