3444 5132
370 2529 491 2624 Capita
524 2530 689 2602 nonnulla
724 2531 766 2600 de
799 2529 950 2602 fontibus
982 2527 1164 2621 Originum
1203 2529 1325 2601 Isidori
1355 2533 1490 2601 ineunte

325 2677 416 2724 anno
436 2655 609 2748 superiore
629 2679 697 2725 una
716 2679 797 2726 cum
815 2674 995 2726 auctorum
1014 2655 1095 2724 locis
1114 2657 1158 2724 ab
1179 2656 1312 2724 isidoro
1331 2656 1490 2727 adhibitis

328 2778 526 2846 Berolinum
549 2779 627 2847 misi
650 2780 694 2847 ad
722 2779 864 2871 Regiam
887 2777 1112 2848 Academiam
1132 2778 1369 2867 Scientiarum,
1395 2780 1491 2848 cuius

325 2902 440 2970 classis
455 2901 690 2995 philosophica
705 2920 737 2971 et
755 2903 914 2971 historica
927 2900 1281 2982 certamini'litterario
1297 2901 1331 2970 in
1350 2925 1382 2972 a.
1404 2903 1489 2992 1873

326 3025 559 3114 quaestionem
577 3042 801 3119 proposuerat
820 3027 861 3094 de
879 3025 1003 3095 isidori
1017 3021 1199 3117 Originum
1220 3026 1383 3096 fontibus.
1401 3025 1491 3110 Cum
1576 3025 1577 3030 ’

326 3169 406 3216 vero
430 3145 557 3216 definiti
582 3148 745 3238 temporis
776 3149 886 3240 spatio
918 3149 1070 3239 aliasque
1100 3149 1146 3217 ob
1168 3171 1286 3218 causas
1320 3147 1491 3240 inceptum

326 3270 440 3362 peragi
463 3293 534 3340 non
568 3256 704 3365 posset,
738 3272 907 3374 primitias
932 3289 1064 3342 tanturn
1096 3272 1208 3366 operis
1238 3274 1337 3341 multi
1368 3273 1493 3342 laboris

276 3467 278 3472 ,
326 3391 450 3463 iudicio
473 3394 750 3466 doctissimorum
774 3397 928 3466 virorum
955 3396 1076 3466 offerre
1098 3397 1202 3467 licuit:
1228 3397 1338 3484 Quod
1353 3397 1492 3487 quidem

325 3534 396 3587 tam
419 3517 606 3612 propitium
627 3519 709 3589 mihi
734 3521 852 3612 obtigit
868 3524 930 3610 (ι),
955 3539 991 3590 ut
1013 3521 1184 3609 addend0,
1206 3520 1490 3612 recognoscendo,

326 3641 526 3734 corrigendo
540 3667 615 3713 eam
636 3644 842 3734 quaestionis
857 3662 989 3737 partem
1008 3627 1173 3714 adfinem
1193 3667 1284 3714 nunc
1308 3645 1493 3736 perducere
1568 3727 1570 3730 .

325 3764 542 3852 instituerim,
570 3791 657 3858 quae
680 3769 1003 3838 commentationem
1028 3769 1178 3838 continet
1204 3770 1246 3838 de
1269 3768 1399 3838 ratione
1425 3791 1493 3860 qua

330 3879 483 3960 Isidorus
519 3890 554 3960 in
591 3891 811 3962 exscribendo
847 3913 930 3961 usus
964 3893 1006 3962 sit
1039 3909 1141 3984 atque
1175 3893 1428 3964 observationes
1452 3894 1493 3963 de

326 4013 548 4106 scriptoribus
570 4015 745 4086 nonnullis
768 4017 803 4086 in
821 4014 1006 4108 Originum
1029 4014 1124 4086 libris
1150 4015 1322 4087 adhibitis.

353 4326 400 4400 tr)
426 4324 471 4382 ef.
497 4323 728 4384 Monattbericht
751 4325 803 4383 der
831 4325 857 4384 k.
877 4343 992 4400 preuss.
1012 4326 1174 4384 Abademie
1198 4326 1226 4382 d.
1254 4325 1430 4385 Wissensch.
1456 4347 1492 4405 pu

328 4412 441 4486 Berlin,
459 4413 524 4474 luti
543 4415 621 4487 1873,
639 4433 667 4490 p.
689 4415 750 4474 530.
1271 4409 1278 4420 ”
