3444 5132
774 381 807 397 .-
823 355 842 410 7
859 381 892 393 -

241 473 464 566 concinnavit
496 495 535 542 ex
566 472 704 542 duobus
732 469 902 546 similibus
933 471 1026 559 apud
1064 470 1215 540 Plinium
1249 494 1314 561 20,
1348 497 1412 544 120

247 626 266 661 a
288 597 381 686 Quin
401 597 506 666 immo
531 598 677 666 tradunt
697 595 812 687 aliqui
835 582 1012 687 manipulo
1034 595 1141 665 ocimi
1168 618 1243 665 cum
1276 599 1413 668 cancris
1475 664 1477 675 ἰ
1504 572 1509 583 ¹

242 725 358 793 decem
382 720 531 791 marinis
552 714 855 814 velstuvtatibbus
880 723 971 791 trito
990 721 1168 818 conuenire
1187 723 1234 791 ad
1258 721 1296 791 id
1313 744 1412 792 scor·

236 845 362 939 pianes
384 868 425 914 ex
438 868 615 938 proxumo
640 845 753 915 omnis
780 875 794 908 u
828 861 861 914 et
882 844 939 930 32,
967 845 1009 914 55
1047 872 1063 907 α
1080 845 1205 914 Decem
1230 868 1311 915 uero
1331 868 1409 916 can·
1490 867 1495 877 ¹

247 969 411 1052 criseam
431 966 540 1036 ocimi
559 965 735 1058 manipulo
751 965 927 1058 adligatis
936 959 1053 1035 'omnis
1069 966 1132 1057 qui
1152 964 1202 1034 ibi
1219 966 1293 1036 sint
1315 990 1412 1037 scor-

240 1092 365 1186 piones
387 1092 433 1162 ad
455 1113 532 1160 eum
565 1090 677 1160 locum
706 1090 866 1161 coituros
888 1087 998 1186 Magi
1020 1089 1143 1160 dicunt
1163 1115 1200 1177 »ς
1225 1092 1415 1183 eodemque

247 1218 353 1288 modo
380 1216 616 1309 Augustinum
640 1217 682 1284 de
707 1215 771 1286 civ.
797 1215 851 1284 dei
882 1236 935 1304 14,
963 1238 1001 1306 17
1028 1231 1060 1283 et
1093 1218 1146 1304 15,
1178 1237 1234 1300 20,
1262 1240 1272 1284 1
1302 1215 1352 1305 (r)
1372 1217 1414 1285 de

245 1340 549 1435 Gymnosophistis
573 1357 727 1433 agentem
757 1340 792 1408 in
817 1362 927 1409 unum
953 1339 1114 1410 conflavit
1144 1340 1192 1430 (8,
1215 1341 1250 1428 6,
1275 1342 1361 1432 17)(
1387 1344 1413 1430 ).

251 1466 337 1555 Quo
353 1464 500 1555 ‚quidem
523 1463 664 1533 artificio
684 1463 839 1534 Isidorus
857 1463 943 1534 nihil
966 1463 1059 1533 aliu'd
1079 1481 1253 1546 assecutus
1266 1482 1328 1552 est,
1350 1466 1415 1534 nisi

250 1606 288 1658 ut
312 1587 405 1658 locus
429 1587 474 1656 ita
498 1585 709 1680 compositus
732 1609 842 1677 neque
866 1588 944 1678 plus
968 1609 1079 1678 neque
1097 1587 1213 1656 minus
1231 1588 1416 1658 contineret
1484 1663 1486 1672 ¹

252 1736 357 1806 quarn
384 1717 542 1784 alteruter
565 1713 716 1795 illorum,
742 1735 829 1804 quos
852 1711 1037 1781 coniunxit.
1141 1777 1143 1782 .

295 1838 505 1908 Redundant
527 1835 710 1928 Originum
730 1835 807 1906 libri
831 1836 1066 1928 paragraphis,
1091 1857 1179 1927 quae
1208 1835 1342 1905 duobus
1364 1836 1415 1904 vel

250 1960 407 2055 pluribus
444 1955 547 2032 sititul
578 1959 659 2030 locis
692 1959 813 2028 iisdem
847 1959 958 2028 verbis
995 1960 1207 2052 conscriptae
1244 1960 1413 2052 leguntur.

254 2085 358 2174 Quae
383 2101 499 2154 utrum
536 2085 580 2155 ab
613 2081 688 2176 ipso
715 2083 849 2154 Isidoro
879 2105 922 2152 an
951 2087 1069 2175 postea
1104 2106 1124 2152 a
1158 2085 1342 2154 Braulione
1363 2084 1415 2154 bis

250 2208 380 2302 positae
401 2210 468 2278 sint
487 2231 556 2278 non
575 2224 706 2280 constat
726 2206 888 2299 quidem3
907 2208 952 2278 ab
973 2207 1105 2277 isidoro
1118 2224 1233 2276 tamen
1258 2209 1416 2300 repetitae
1439 2198 1445 2212 ⁸

250 2354 325 2402 esse
357 2331 526 2401 videntur.
561 2333 613 2400 Ex
646 2330 841 2401 Braulionis
873 2331 965 2400 enirn
996 2330 1108 2400 verbis
1133 2352 1210 2422 pag.
1246 2355 1256 2398 1
1287 2330 1366 2402 adn.
1400 2355 1410 2400 r
1491 2345 1494 2351 '

250 2453 358 2526 citatis
378 2454 412 2524 id
434 2471 568 2524 tantum
586 2454 766 2546 colligitur,
793 2437 1027 2548 imperfectum
1052 2453 1175 2524 isidori
1201 2477 1301 2548 opus,
1324 2455 1417 2548 quod

251 2577 356 2648 titulis
375 2578 572 2649 distinctum
594 2597 779 2667 acceperat,
808 2601 887 2648 eum
907 2578 942 2647 in
965 2578 1031 2648 XX
1055 2577 1161 2648 libros
1185 2578 1351 2648 divisisse.
1408 2623 1412 2637 »

283 2703 433 2773 'Praeter
456 2704 521 2772 hoc
550 2702 723 2795 repetendi
755 2704 905 2774 studium
933 2703 1016 2771 illud
1055 2725 1192 2794 quoque
1220 2703 1417 2796 saepissime

250 2825 342 2915 apud
374 2795 548 2894 isidorum
575 2826 739 2914 occurrit,
777 2826 870 2916 quod
908 2825 1132 2917 etymologiae
1167 2848 1270 2895 causa
1308 2843 1417 2896 certae

250 2945 420 3034 quaedam
446 2943 610 3015 dictiones
624 2945 766 3037 graecis
798 2945 1001 3036 plerumque
1027 2946 1202 3016 vocabulis
1229 2933 1417 3044 eorumque

251 3065 354 3137 latina
373 3067 648 3160 interpretatione
666 3070 874 3162 compositae
893 3069 1016 3139 iterum
1047 3086 1149 3160 atque
1182 3073 1306 3142 iterum
1325 3071 1414 3142 inse-

233 3208 374 3280 runtur
393 3192 433 3262 iis
453 3213 542 3284 quae
560 3215 598 3263 ex
621 3194 696 3264 aliis
716 3193 912 3265 auctoribus
931 3195 1033 3287 petita
1052 3212 1144 3266 sunt.
1168 3196 1220 3267 Ita
1238 3195 1378 3289 legitur:

251 3409 403 3424 Μ

288 3571 326 3642 (¹)
342 3563 383 3632 ¹4,
399 3566 441 3624 tr:
457 3568 555 3626 «Per
572 3586 699 3646 opacas
717 3587 826 3648 quoque
844 3571 967 3629 Indiae
984 3569 1204 3644 silitudinem
1219 3589 1285 3629 cum
1298 3572 1417 3647 quidam

246 3655 337 3712 *nudi
358 3656 608 3734 philosophentur,
636 3659 710 3718 unde
738 3660 1006 3737 Gymnosophistae
1031 3660 1224 3729 nominantur,
1254 3659 1418 3737 adhibent

249 3753 361 3801 tamen
388 3745 610 3820 genitalibus
637 3749 809 3824 tegmina,
841 3749 944 3822 quibus
964 3765 1020 3824 per
1038 3758 1133 3806 cetera
1153 3749 1349 3806 membrorum
1368 3757 1417 3806 ca-

250 3843 313 3890 rent
326 3857 350 3890 ».
367 3863 401 3874 ·—
417 3832 458 3903 15,
471 3832 514 3904 20,
531 3838 555 3892 l:
571 3859 584 3886 ι(
600 3836 641 3892 Et
655 3836 794 3894 Indorum
815 3836 1153 3912 Gymnosophistae,
1172 3837 1222 3911 qui
1240 3837 1323 3894 nudi
1338 3855 1416 3913 per-

247 3919 409 3978 hibentur
423 3923 670 4000 philosophari
689 3927 717 3982 in
735 3927 940 3983 solitudinibus
959 3926 1069 3993 Indiae,
1096 3927 1171 3984 ciues
1198 3927 1262 3984 eius
1285 3939 1363 4000 sunt,
1385 3938 1418 3985 et

250 4011 487 4084 agenerando
505 4029 540 4068 se
559 4012 720 4069 cohibent
735 4039 758 4072 n.

286 4099 324 4169 (a)
345 4122 358 4147 ιι
379 4097 645 4176 Gymnosophistae
660 4102 730 4158 nudi
739 4121 794 4178 per
812 4120 918 4183 opacas
936 4104 1039 4162 Indiae
1052 4105 1220 4164 solitudines
1228 4105 1417 4181 perhibentur
1498 4113 1503 4122 '

244 4185 454 4261 philosophari,
471 4189 637 4248 adhibentes
651 4201 761 4250 tantum
775 4193 953 4268 genitalibus
967 4195 1107 4271 tegmina.
1123 4195 1322 4270 Gymnasium
1340 4195 1417 4252 enim

248 4289 288 4328 ex
302 4289 335 4329 eo
349 4275 458 4332 dictum
471 4287 525 4348 est,
537 4269 612 4353 ‘quod
626 4279 739 4338 iuuenes
754 4281 824 4338 nudi
830 4287 1046 4340 'exercerentur
1060 4283 1088 4339 in
1101 4299 1214 4358 eampo,
1227 4283 1415 4359 ubipudenda

248 4360 310 4504 {⁰¹⁶
324 4369 436 4420 tantum
448 4381 479 4422 se
493 4366 625 4440 operiunt
639 4367 767 4440 [medela
781 4381 846 4444 eget
859 4369 962 4438 loeus]¹
978 4369 1025 4425 Hi
1037 4378 1097 4426 eta
1109 4369 1277 4446 generando
1291 4387 1322 4427 se
1336 4368 1415 4426 cohi-

269 4458 316 4504 enl
329 4473 352 4507 n,
