3444 5132
762 336 896 392 -.44-

250 457 446 548 gnoscenda
477 454 605 543 censui,
639 476 678 528 eo
702 453 894 546 praecipue,
931 453 989 524 ubi
1029 453 1183 524 Isidorus
1214 453 1412 523 coniunctos

250 579 408 650 adhibuit
432 579 583 650 Plinium
606 577 846 670 Solinumque,
871 601 940 669 quo
963 579 1157 648 factumest
1176 594 1264 648 utet
1284 576 1318 646 in
1341 575 1415 668 qui-

248 703 395 773 busdam
419 702 464 772 ab
486 701 526 772 iis
549 702 777 772 recedendum
801 718 899 786 esset,
926 725 1013 792 quae
1049 703 1290 772 Mommsenus
1320 699 1410 768 indi-

247 825 334 896 cavit
349 828 411 918 (1),
428 843 460 895 et
474 826 575 896 index
595 825 749 896 locorum
768 849 807 896 ex
822 825 940 897 Solino
959 825 1261 914 transscriptorum
1275 799 1416 916 qualem'

251 948 384 1019 exhibet
408 950 685 1020 Mommseniana
703 946 805 1019 editio
817 948 1069 1039 aliquantulum
1082 963 1202 1018 auctus
1225 970 1316 1017 nunc
1330 969 1412 1041 pro-

251 1141 403 1152 ...-----·

289 1245 298 1314 1
305 1248 328 1317 1)
349 1261 376 1300 α.
400 1243 533 1302 Isidorus
554 1242 794 1316 (0113.2,12,4)
816 1242 998 1300 Incredibilis
1024 1243 1066 1301 rei
1085 1246 1250 1317 exemplum
1271 1260 1365 1319 neque
1382 1261 1416 1302 erc

253 1332 353 1390 Plinio
371 1332 408 1403 (7,
427 1330 472 1404 85)
490 1348 583 1406 neque
601 1349 635 1387 ex
648 1331 753 1388 SoIIno
768 1332 804 1402 (1,
824 1334 868 1406 99)
883 1331 1000 1405 petivit:
1017 1344 1111 1390 totum
1128 1333 1226 1390 locum
1240 1333 1328 1390 simul
1347 1351 1412 1390 cum

252 1420 387 1493 exemplo
404 1437 439 1477 ex
457 1419 537 1478 fonte
554 1422 641 1477 nobis
659 1420 761 1492 ignoto
779 1421 954 1494 exscriptum
977 1437 1091 1481 censeo

324 1509 348 1567 b.
372 1510 470 1565 Locus
489 1508 585 1565 Solini
600 1509 643 1576 49,
658 1507 675 1562 6
691 1532 704 1558 «
720 1509 772 1566 hoc
786 1517 876 1565 est-
891 1507 1050 1583 iungitur»
1065 1507 1103 1564 ab
1119 1507 1187 1566 lsid.
1204 1513 1231 1580 9,
1244 1509 1271 1575 2,
1285 1508 1320 1566 62
1332 1525 1413 1570 com·

253 1599 361 1670 pilatus
378 1616 439 1655 non
458 1610 510 1667 est,
529 1615 567 1654 ne
583 1597 734 1656 adhibitus
753 1599 874 1671 quidem
893 1597 1020 1655 videtur.

324 1703 348 1744 c.
367 1685 464 1744 Verba
486 1687 594 1744 Isidori
614 1687 655 1754 12,
677 1687 755 1756 1,18
778 1711 792 1736 u
814 1685 862 1742 Hi
878 1685 1055 1760 serpentium
1078 1717 1109 1728 -
1125 1695 1298 1762 reparantur
1325 1709 1339 1735 r
1362 1687 1415 1744 etsi

254 1774 384 1832 maxirna
403 1791 436 1832 er
455 1787 538 1849 parte
556 1776 660 1833 eodem
686 1775 748 1832 lere
774 1774 865 1832 modo
879 1774 970 1846 ,apud
994 1773 1055 1831 Sol.
1078 1775 1119 1844 19,
1141 1775 1173 1830 15
1191 1777 1337 1850 leguntur,
1356 1793 1417 1832 non

253 1853 288 1920 eit
306 1881 341 1920 eo
360 1863 450 1937 petita
468 1875 546 1932 sunt,
566 1863 616 1920 sed
636 1881 670 1920 ex
689 1862 868 1940 Hieronymi
886 1863 1022 1920 versione
1043 1861 1181 1936 OrIgenis
1203 1862 1235 1920 in
1253 1877 1329 1921 cant.
1349 1881 1416 1920 can-

254 1951 352 2024 ticor.‚
371 1953 403 2010 id
421 1953 501 2028 quod
519 1953 615 2010 verbis
635 1977 647 2003 u
667 1962 695 2010 et
712 1962 849 2028 superata
864 1951 994 2027 pernicie
1013 1951 1113 2010 reneni
1130 1967 1230 2009 eornm
1247 1951 1352 2026 p'abulo
1372 1969 1416 2008 re·

251 2052 396 2116 parantur
410 2066 424 2092 u
439 2042 667 2114 demonstratur,
687 2060 760 2118 quae
780 2043 983 2100 desiderantur
1001 2042 1080 2116 apud
1098 2041 1244 2099 Soliuum.

281 2157 289 2174 ·
325 2130 353 2188 d.
375 2130 473 2188 Solini
491 2131 580 2186 verba
598 2131 652 2202 (45,
674 2129 714 2200 121
742 2152 755 2184 u
776 2131 921 2208 Affectnm
941 2130 1075 2206 equinum
1095 2129 1235 2202 lacrimae
1249 2132 1374 2206 probant
1402 2155 1415 2179 »

254 2221 291 2274 ab
311 2218 428 2276 Isidoro
448 2218 488 2287 12,
511 2218 535 2289 1,
553 2219 587 2274 43
605 2219 739 2276 adhibita
763 2236 823 2276 non
845 2218 998 2289 videntur,
1026 2217 1076 2292 qui
1102 2218 1139 2274 ad
1166 2217 1297 2276 Plinium
1316 2217 1345 2288 8,
1369 2219 1418 2276 157

257 2309 356 2382 potius
374 2307 507 2378 respexit.

326 2413 351 2454 e.
374 2395 420 2454 CI.
442 2395 503 2452 Sol.
521 2395 566 2467 52,
585 2395 629 2465 40,
649 2395 700 2452 ubi
719 2396 808 2452 verba
824 2405 939 2454 tantum
970 2420 983 2445 ιι
1009 2410 1096 2452 cornu
1111 2421 1144 2434 -
1154 2395 1322 2469 perforetur
1343 2421 1356 2446 »ι
1380 2399 1418 2456 ab

258 2486 328 2554 lsid,
350 2485 391 2556 12,
410 2483 438 2554 2,
460 2483 491 2540 12
509 2483 642 2540 adhibita
661 2496 738 2552 sunt,
758 2484 810 2558 qui
829 2483 940 2558 reliqua
959 2501 994 2540 ex
1013 2482 1157 2556 Gregorio
1177 2483 1292 2556 (moral.
1311 2485 1354 2554 31,
1376 2486 1417 2556 15,

255 2574 300 2648 29,
319 2593 348 2647 p.
365 2571 430 2629 1010
449 2579 484 2634 A.
497 2573 530 2646 Β)
551 2573 756 2647 transscrIpsit.
1272 2649 1276 2653 ι

318 2664 347 2738 s.
369 2662 414 2719 Cf.
437 2661 506 2720 Isid.
526 2662 568 2732 12,
586 2661 613 2730 2,
631 2661 675 2727 22,
695 2662 746 2736 qui
764 2666 854 2718 verba
871 2685 883 2710 κ
904 2677 1021 2717 carnem
1041 2659 1183 2735 quandam
1197 2691 1231 2700 -
1245 2661 1390 2738 componit
1404 2687 1416 2710 »ι

257 2769 318 2809 non
336 2769 371 2808 ex
390 2751 451 2808 Sol.
470 2751 514 2818 20,
533 2753 551 2806 5
568 2751 616 2807 sed
636 2768 652 2808 e
671 2752 752 2810 Serv.
773 2750 810 2806 ad
829 2751 864 2807 G.
884 2752 911 2815 3,
930 2749 982 2812 247
999 2749 1106 2807 hausit.

326 2857 358 2914 g.
381 2841 494 2897 Locum
514 2835 711 2897 de'basilisco
739 2839 870 2897 Isidorus
890 2837 931 2904 12,
951 2838 978 2906 4,
997 2836 1015 2890 7
1034 2838 1158 2912 sumpsit
1183 2853 1218 2894 ex
1244 2836 1348 2894 Solino
1373 2837 1415 2904 27,

253 2929 296 2986 51.
315 2929 349 2984 53
369 2929 538 2999 (Mommst
557 2953 570 2978 u
585 2939 681 2985 auter
695 2927 793 2987 Plinio
808 2941 858 2985 aut
871 2944 907 2984 ex
920 2926 1026 2984 Solino
1041 2931 1078 3000 r).

327 3017 354 3072 h.
375 3016 421 3074 Cf.
442 3017 503 3074 Sol.
523 3019 568 3087 27,
586 3016 621 3088 30
638 3016 690 3074 ubi
709 3016 797 3074 etiam
821 3020 910 3074 verba
930 3040 943 3066 «
969 3015 997 3072 in
1017 3016 1069 3072 lroc
1092 3013 1187 3072 temen
1202 3045 1235 3058 -·
1247 3014 1329 3090 ponit
1349 3038 1362 3064 r
1383 3014 1420 3070 ab

260 3103 376 3162 Isidoro
396 3105 436 3170 12,
456 3106 482 3170 4,
504 3106 536 3161 19
553 3105 685 3162 adhibita
703 3104 853 3163 videntur.

329 3193 347 3250 i.
369 3192 413 3249 CI.
438 3193 506 3250 lsid.
529 3193 570 3263 12,
588 3191 615 3262 6,
634 3194 665 3249 41
687 3193 771 3250 cuius
790 3193 879 3250 verba
894 3218 907 3242 «ι
922 3192 1033 3250 Ferunt
1051 3201 1148 3249 autem
1161 3223 1195 3234 -
1206 3192 1334 3269 gignere
1350 3215 1362 3241 r
1382 3192 1419 3248 ad
1498 3213 1500 3216 ·

257 3281 392 3339 SoIInum
405 3283 450 3350 52,
464 3279 494 3335 41
512 3280 624 3341 rettulit
636 3282 847 3338 Mommsenus.
869 3280 945 3337 Cum
965 3298 1035 3337 vero
1055 3280 1180 3351 Plinius,
1199 3298 1286 3355 quem
1300 3279 1420 3337 Solinus

256 3370 369 3427 fontem
388 3368 501 3439 hebuit,
522 3367 627 3426 iisdem
645 3367 705 3426 fere
723 3368 820 3426 verbis
839 3386 900 3426 rem
920 3369 1015 3426 tradat
1033 3381 1061 3428 et
1081 3369 1212 3426 Isidorus
1227 3387 1319 3444 neque
1342 3369 1419 3426 hunc

258 3475 352 3534 neque
371 3457 456 3514 illum
477 3455 655 3512 adverbum
681 3457 863 3532 expresserit,
883 3457 1008 3513 dubium
1028 3471 1070 3514 est
1088 3468 1188 3514 utrum
1209 3475 1243 3513 ex
1267 3456 1366 3513 Plinio
1385 3475 1421 3512 an

258 3565 292 3604 err
305 3545 410 3602 Solino
425 3545 532 3618 petitus
550 3543 587 3600 sit
606 3543 697 3600 locus.

329 3634 356 3692 lr.
377 3633 493 3690 Monuit
513 3633 714 3690 Mommsenus
735 3633 771 3689 ud
791 3635 852 3694 Sol.
872 3635 914 3703 52,
935 3638 962 3705 2,
975 3637 1050 3692 male
1065 3633 1231 3694 adhibitum
1246 3651 1307 3692 esse
1321 3633 1419 3690 locum

258 3723 295 3777 ab
316 3720 386 3777 lsid.
408 3722 449 3793 13,
473 3719 514 3792 13,
533 3721 564 3776 6:
585 3733 661 3780 recte
680 3719 810 3795 quidem,
830 3721 853 3780 si
873 3739 907 3778 ex
926 3723 1038 3779 duabus
1063 3721 1186 3780 diuersis
1212 3722 1296 3778 rebus
1324 3721 1419 3777 ibide

258 3807 423 3884 Asphaltite
441 3809 585 3868 traditis«
600 3809 712 3867 animal
730 3827 783 3867 non
803 3810 887 3867 ltabet
901 3835 914 3860 »ι
930 3823 958 3867 et
977 3835 991 3860 u
1006 3810 1080 3868 nihil
1099 3810 1127 3866 in
1140 3827 1173 3867 eo
1187 3810 1285 3886 mergi
1295 3817 1389 3885 potest
1405 3833 1418 3858 »

260 3901 391 3958 Isidorus
408 3901 593 3960 confinxisset
610 3918 702 3958 unum
722 3901 792 3958 hoc:
812 3900 911 3957 «nihil
929 3901 1027 3977 mergi
1041 3909 1137 3975 potest
1156 3901 1197 3970 (in
1215 3915 1251 3956 eo
1270 3899 1420 3974 5504010-

259 3977 330 4065 quid
354 3989 482 4048 animam
511 3991 595 4046 habet
618 4015 642 4044 n.
664 3991 799 4048 SoIInum
828 4002 928 4047 tamen
955 4005 1014 4047 non
1041 3988 1175 4046 adhibuit
1206 3988 1352 4055 isidorus,
1370 3989 1421 4046 sed

260 4076 389 4134 Plinium
408 4067 574 4151 exscripsit,
603 4080 683 4154 apud
701 4097 789 4154 quem
807 4097 881 4155 quae
901 4079 1036 4153 leguntur
1053 4079 1080 4147 2
1099 4077 1151 4134 226
1170 4077 1277 4135 melius
1300 4094 1419 4150 respon-

259 4166 328 4222 dent
348 4167 519 4224 Isidorianis
538 4187 626 4244 quam
640 4170 801 4241 solimano,
824 4183 852 4227 et
870 4186 944 4244 quae
961 4164 988 4238 5
1001 4170 1036 4226 72
1053 4179 1165 4225 exstant
1180 4166 1220 4223 ita
1233 4164 1346 4224 rettulit
1366 4165 1420 4223 lsi-

260 4254 359 4327 dorus,
379 4267 412 4312 ut
430 4271 545 4314 sensum
565 4274 626 4314 non
645 4257 814 4316 immutaret
833 4257 955 4319 mutatis
971 4255 1077 4313 verbis

296 4343 350 4403 -.l
370 4343 416 4400 cf.
439 4342 506 4400 lsid.
529 4346 570 4412 13,
592 4345 633 4414 13,
654 4346 686 4402 10
702 4345 755 4401 ubr
773 4362 846 4418 quae
865 4345 901 4400 de
919 4344 1001 4402 sonte
1020 4341 1176 4415 Epirotrco
1192 4342 1346 4400 traduntur
1360 4359 1420 4401 non

261 4449 295 4488 ex
314 4431 374 4489 Sol.
393 4433 420 4506 7,
436 4429 454 4485 2
472 4432 523 4490 sed
541 4451 576 4490 ex
594 4438 670 4507 Aug.
691 4434 726 4490 de
746 4433 801 4490 civ.
819 4433 867 4490 dei
886 4433 930 4506 21,
943 4433 976 4501 5,
997 4433 1009 4487 1
1031 4433 1122 4504 petita
1141 4443 1215 4488 sunt.
