860 1281
387 90 404 92 -
413 82 430 96 32
439 89 456 92 -

345 113 458 131 instituendae
473 113 514 130 satis
527 113 577 131 firma
593 118 645 136 atque
658 113 715 131 critica

329 143 397 166 rpolita.
411 144 458 161 Narn
474 144 543 161 omissis
558 144 627 161 scholiis
642 150 653 162 a
669 145 714 162 We-

327 180 368 197 3uae
380 175 430 192 nobis
445 174 486 192 usui
501 180 538 192 esse
553 180 587 192 non
604 175 679 198 possint,
695 181 715 192 ea

327 211 362 222 =ner
369 205 433 228 publici
439 205 480 222 iuris
488 205 542 223 facere
547 205 627 228 promisit
636 206 714 223 nondum

327 240 361 253 aunt
373 236 438 258 omnia,
451 241 491 253 cum
505 236 553 259 prior
569 241 636 254 tantum
654 242 715 254 eorum

327 266 416 283 Bernensia
431 273 439 282 n
455 266 557 288 nominem,
574 267 619 284 edita
636 267 667 289 sit3
683 272 714 284 nec

327 297 366 315 dern
376 298 474 320 quaestione
484 297 564 315 exhibent
571 297 640 315 Genthii
650 298 714 315 scholia

328 328 456 345 rumenirnvero
469 328 554 346 eiusmodi
566 334 586 346 eu
601 333 651 351 sunt,
670 334 714 352 quae

328 358 415 376 tractanda
424 359 521 380 videantur,
534 359 597 376 cumin
605 363 641 376 tam
653 359 714 382 exiguo

327 390 409 412 quaedam
419 395 459 407 cum
467 389 535 407 Isidoro
545 389 609 412 optime
618 394 713 413 congruam
731 392 733 395 '

327 426 340 437 ur
346 420 380 437 iarn
390 420 447 438 tulerit
457 420 558 438 sententiam
566 420 583 437 in
589 421 635 438 hunc
641 420 714 438 modum

327 457 363 468 :urn
378 455 428 468 antea
444 458 452 467 »
466 451 521 473 inquit
536 458 544 467 n
560 451 714 468 demonstrarimus

330 488 339 499 e
348 481 403 500 Seruii
412 486 428 499 et
438 481 496 500 Orosii
503 482 576 505 scriptis,
587 487 632 499 nunc
642 482 713 499 inuesti-

327 519 343 530 :s
355 513 433 530 Isidorus
444 518 453 530 e
465 517 523 530 uetere
531 517 630 530 commento
645 513 663 530 in
677 513 713 530 Lu-

327 549 343 561 rn
356 543 461 561 scholiorum
473 543 490 560 in
507 544 598 561 Lucanum
612 548 678 566 partem
694 549 714 561 ex

327 574 380 591 uxisse
392 574 480 591 nerninem
492 577 534 597 puto
543 574 580 591 fore
587 574 622 597 'qui
631 574 663 591 sibi
673 580 713 597 per-

327 610 335 622 >
346 604 425 622 omniurn
439 604 526 622 rationum
542 610 626 621 consensu
643 604 714 622 efficitur

327 641 350 653 ;e:
366 639 417 658 atque
431 641 471 653 cum
484 635 517 653 iam
532 635 596 653 scholia
610 641 619 653 a
635 636 714 653 Webero

327 671 350 684 ter
359 671 426 684 tanturn
436 667 509 690 attigerit
520 671 537 684 et
548 671 650 689 properante
664 667 713 689 quasi

327 703 361 714 :um
375 697 437 715 Isidori
449 697 555 720 Originibus,
568 697 607 720 plus
618 703 671 720 quam
684 697 714 714 tri-

334 732 433 745 cornrnento
444 732 502 745 uetere
517 727 535 745 in
552 727 643 745 Lucanum
659 733 714 750 aeque

327 770 328 774 ,
338 764 389 776 usum
402 764 439 776 esse
451 758 589 781 deprehensurus
601 758 632 780 sit,
650 763 714 781 magna

327 790 410 807 mmeritis
421 789 536 807 Bemensibus
550 789 568 807 in
582 789 683 807 Lucanum*
698 794 715 807 et

327 826 348 838 rer
362 821 453 838 Lucanum
463 821 467 828 '
483 821 506 838 ab
520 821 599 838 Usenero
613 820 714 843 propediem

327 851 440 874 rcertiorque
454 847 482 868 l'ux
496 851 536 868 huic
547 851 572 868 rei
588 851 674 868 afferatur.
693 851 714 868 ln

327 887 360 899 iem
369 882 470 905 episcopum
482 882 526 899 datis
536 881 614 899 Isidorus
624 882 660 905 ipse
671 888 713 905 pro-

327 918 417 930 menusus
426 918 480 929 RERUM
492 918 512 930 ex
524 912 586 930 ueteris
595 912 672 930 lectionis
686 918 714 930 re-

327 951 329 961 :
338 948 389 967 atque
399 943 504 967 quibusdam
511 943 552 960 locis
560 943 583 960 ita
593 943 684 961 adnotasse
693 948 713 961 ut

327 975 366 992 stilo
377 975 463 992 maiorum
471 975 481 992 ⁷.
495 974 533 997 Qui
545 974 616 997 quidem
627 974 714 992 maiorum

327 1005 381 1023 *scitur
389 1005 406 1023 in
415 1005 435 1022 iis
443 1010 487 1028 quae
495 1004 529 1022 iam
537 1010 576 1022 sum
583 1005 681 1028 prolaturus
685 1005 713 1027 [ἓ]-

327 1036 374 1054 2stris
383 1036 406 1053 ad
412 1036 486 1054 uerbum
493 1035 585 1053 concinam
592 1041 631 1053 cum
640 1035 660 1053 iis
670 1041 714 1058 quae

327 1066 421 1090 Driginibus
434 1067 475 1084 haec
487 1066 519 1084 tria
532 1066 540 1083 1
551 1072 561 1089 7
571 1072 586 1083 c.
598 1066 639 1084 Isid.
652 1066 713 1083 XVIII

336 1097 362 1115 XI
375 1103 390 1119 ι,
404 1097 427 1115 30
442 1097 498 1119 [13o].
510 1097 535 1114 Vl
549 1097 584 1120 689
595 1102 611 1114 ε.
625 1097 667 1114 Isid.
678 1096 713 1114 XII
