3444 5132
814 328 846 340 ..
864 299 897 356 15
915 327 947 340 ..

230 479 233 488 .
308 431 438 506 verant,
455 433 490 486 at
507 437 577 490 non
596 416 757 489 omnibus
772 415 989 490 deSallustio
1005 418 1129 490 ¹Isidori
1145 419 1238 490 fonte
1256 420 1376 492 eadem
1392 445 1470 492 sen-

308 543 412 614 tentia
420 543 495 613 fnit.
507 543 707 616 Gerlachius
730 540 822 613 enim
841 560 873 616 et
887 543 1090 614 Debrossius
1109 546 1208 638 longe
1217 548 1317 638 plura
1332 548 1367 617 in
1385 547 1469 618 Ori·
1503 629 1506 634 y

306 667 441 760 ginibus
455 691 494 738 ex
507 667 668 742 Sallustio
681 689 859 760 superesse
874 668 1004 762 opinati
1018 687 1099 740 sunt
1112 691 1221 760 quam
1233 669 1397 756 Kritzius,
1411 673 1471 762 qui

307 791 394 865 inter
407 793 473 864 alia
496 820 512 858 u
525 816 565 864 ex
578 793 739 868 Sallustio
755 824 771 861 u
786 794 896 887 inquit
911 796 961 884 (1)
985 822 1002 858 a
1021 816 1232 886 quamquam
1250 797 1401 888 plurima
1414 820 1472 888 pe-

306 915 393 1008 tivit‚'
407 936 539 1011 tamen,
565 943 674 1012 quum
695 901 876 992 auctorum
894 920 997 990 verba
1016 942 1094 991 raro
1114 920 1242 1012 integra
1260 922 1386 1007 laudet,
1412 921 1471 990 sed

306 1043 372 1114 alia
391 1044 545 1116 omittere
565 1045 682 1130 soleat,
698 1043 765 1116 alia
775 1045 911 1134 addere,
928 1045 1027 1115 valde
1043 1044 1231 1114 verendum
1243 1061 1305 1135 est,
1327 1061 1365 1113 ut
1381 1044 1469 1118 Ger-

253 1159 259 1174 *
304 1169 434 1240 lachius
453 1188 486 1242 et
509 1169 714 1266 Debrossius
741 1172 833 1241 hunc
857 1169 981 1240 Isidori
1009 1171 1124 1240 locum
1143 1186 1231 1239 recte
1253 1168 1468 1241 Sallustianis
1498 1211 1500 1216 -

307 1292 519 1384 Fragmentis
548 1292 723 1364 intulerint
751 1323 787 1363 o.
829 1295 873 1362 Et
910 1293 1035 1364 iterum
1067 1297 1117 1384 (2)
1146 1322 1161 1358 a
1191 1295 1317 1365 Uter»
1362 1293 1472 1384 inquit

305 1417 361 1505 (de
386 1418 519 1488 Isidoro
542 1435 575 1488 et
601 1418 720 1492 Servio
753 1418 917 1511 loquitur)
948 1447 964 1484 u
1001 1417 1208 1492 Sallustiana
1239 1418 1342 1487 verba
1368 1439 1469 1487 accu-

303 1541 409 1612 ratius
432 1543 580 1615 attulerit
598 1583 642 1597 -
665 1559 785 1616 neuter
813 1543 905 1615 enim
930 1543 1030 1636 plane
1053 1541 1200 1634 genuina
1223 1543 1348 1613 habere
1370 1541 1465 1612 uide-

304 1683 360 1736 tur
376 1707 432 1756 -‚
458 1666 601 1738 difficilev
615 1668 707 1738 dictu
730 1685 802 1756 est3
826 1667 887 1738 sed
911 1689 1021 1759 quum
1046 1666 1214 1753 Isidorus,
1235 1665 1295 1736 ubi
1317 1683 1470 1736 veterum

304 1790 508 1885 scriptorum
523 1792 604 1862 locis
627 1794 746 1878 utitur,
767 1793 875 1862 multa
899 1791 1030 1863 variare
1049 1794 1156 1862 soleat
1173 1791 1345 1882 addendo,
1366 1792 1468 1862 omit·

302 1916 418 2005 tendo,
444 1916 679 2007 immutando,
707 1916 864 1989 Servium
897 1916 994 2008 sequi
1025 1915 1214 1986 consultius
1244 1914 1467 1985 duximus».

305 2039 457 2111 Kritzius
487 2040 590 2133 igitur
624 2041 685 2110 etsi
709 2042 751 2112 de
780 2041 920 2114 Sallusti
956 2039 1191 2111 Historiarum
1224 2040 1311 2111 libro
1345 2039 1469 2110 Isidori

257 2157 260 2163 ’
303 2164 396 2236 fonte
429 2187 499 2236 non
533 2166 700 2236 dubitavit
721 2207 766 2220 -
797 2165 922 2258 recepit
949 2188 1087 2259 quoque
1125 2165 1309 2236 nonnullos
1346 2164 1469 2235 Isidori

302 2288 395 2357 locos
418 2289 505 2358 inter
528 2288 716 2382 fragmenta
739 2331 795 2375 -,
820 2309 963 2382 parvam
995 2307 1110 2360 tamen
1140 2289 1234 2358 haud
1258 2311 1336 2358 raro
1365 2289 1471 2370 fidem

301 2411 496 2482 habendam
517 2435 589 2482 esse
612 2412 743 2483 censuit
765 2412 805 2482 iis
828 2435 917 2504 quae
936 2413 971 2483 in
987 2412 1187 2506 Originibus
1206 2413 1250 2484 ad
1269 2411 1470 2486 Sallustium

301 2535 479 2606 referenda
503 2554 583 2606 sunt
604 2538 657 2607 vel
682 2561 721 2607 ex
744 2559 785 2608 eo
807 2539 956 2632 pendere
977 2537 1147 2629 videntur,
1165 2538 1300 2632 ’quippe
1332 2533 1465 2607 addita-

299 2659 422 2728 mentis
445 2659 583 2730 aliunde
608 2661 720 2754 petitis
742 2663 796 2730 vel
829 2662 932 2733 rebus
954 2683 1079 2756 parum
1106 2680 1262 2733 accurate
1285 2661 1398 2732 relatis
1422 2660 1468 2729 ita

298 2783 454 2852 turbatus
478 2784 521 2853 sit
542 2784 768 2857 Sallustianus
787 2789 893 2875 color,
915 2803 953 2855 ut
977 2786 1112 2879 saepius
1131 2786 1185 2857 vix
1210 2787 1254 2856 ad
1278 2808 1356 2856 eum
1387 2807 1465 2878 per·
1528 2806 1529 2812 ¹

300 2903 406 2975 tinere
429 2906 620 2978 videantur.
662 2909 706 2978 Et
738 2925 827 2980 recte
851 2908 992 3000 quidem
1030 2909 1194 2998 Kritzius,
1221 2909 1249 2979 si
1282 2910 1467 2980 verborum

300 3045 433 3099 tantum
456 3053 581 3100 nexum
606 3048 708 3123 atque
734 3032 841 3125 ipsius
864 3030 1004 3107 Sallusti
1023 3035 1127 3104 verba
1150 3049 1356 3126 spectamus,
1380 3029 1467 3125 quae

279 3153 454 3224 'isidorus
476 3154 512 3224 in
537 3154 578 3224 iis
601 3156 661 3248 qui
684 3179 724 3228 ex
740 3157 903 3230 Sallustio
921 3157 1063 3250 profecti
1084 3159 1243 3229 videntur
1256 3158 1348 3228 'locis
1371 3157 1464 3228 exhi-

300 3278 367 3370 bet,
395 3297 430 3350 at
450 3283 599 3352 severius
622 3283 781 3354 iudicavit
799 3285 841 3354 de
858 3283 941 3377 ipsis
960 3285 1074 3376 rebus,
1096 3307 1184 3376 quae
1202 3284 1311 3355 multo
1329 3281 1466 3375 saepius

299 3405 343 3474 ad
362 3404 611 3477 Historiarum
642 3407 748 3481 libros
775 3407 970 3480 referendae
1003 3427 1102 3499 sunt,
1133 3409 1167 3479 id
1191 3409 1284 3502 quod
1308 3431 1348 3479 ex
1375 3406 1466 3478 hisce

299 3528 460 3615 exemplis
484 3531 623 3622 patebit.

349 3762 377 3808 1.
405 3731 511 3832 Orig.
539 3741 592 3830 13,
625 3743 678 3831 ιθ,
707 3763 742 3829 4.

342 3863 402 3932 Ad
425 3861 625 3936 Sallustium
652 3865 863 3936 revocandus
889 3887 962 3935 esse
992 3864 1127 3936 videtur
1151 3865 1245 3936 locus
1270 3866 1393 3938 Isidori
1423 3871 1465 3937 de

284 3984 439 4054 Pontico
466 3986 542 4058 sinu
560 3990 597 4077 (a
616 3989 700 4059 Inde
725 3987 896 4058 Ponticus
929 3988 1027 4058 sinus
1050 3987 1288 4082 amplissimus
1314 4013 1334 4060 a
1362 3972 1464 4085 tergo

299 4191 450 4204 ..ιι-η...-

333 4313 374 4389 (r)
387 4313 434 4370 Ad
446 4315 645 4389 fragmentum
659 4320 676 4376 2
688 4317 758 4374 libri
776 4317 815 4374 11.
872 4355 875 4362 -

333 4401 373 4474 (a)
386 4403 433 4460 Ad
447 4403 550 4478 fragm.
566 4405 601 4462 36
615 4404 686 4462 libri
704 4405 754 4462 lV.
818 4434 821 4439 ·
