3444 5132
794 375 829 388 ..
843 345 879 406 32
895 375 929 388 -

234 507 235 512 =
281 463 425 532 videtur:
451 463 497 533 ita
520 463 612 534 enim
637 465 825 536 Pausanias
852 489 905 555 ro,
937 488 993 557 17,
1025 487 1058 534 r:
1085 475 1186 554 μῆκος
1207 469 1244 536 δὲ
1265 469 1366 548 αὐτῆς
1396 465 1440 532 εἵ-

280 602 353 655 κοσι
374 587 500 655 στάδιοι
519 589 571 655 καὶ
591 588 705 658 ἑκατόν
728 590 790 658 εἰσι
811 592 863 658 καὶ
883 592 988 673 χίλιοι·
1011 589 1108 671 εὖρος
1139 590 1176 656 δὲ
1203 587 1240 668 ἐς
1269 586 1372 656 εἴκοσί
1404 606 1440 652 τε

279 711 331 776 καὶ
350 711 580 791 τετρακοσίους
602 711 838 798 [πεντήκοντα].
1293 723 1295 729 “

326 827 429 916 Quae
453 828 690 921 deindeapud
710 831 884 902 Isidorum
902 846 1092 922 sequuntur
1114 829 1156 899 de
1169 826 1347 901 Sardiniae
1362 826 1437 894 aui*

278 951 437 1042 malibus,
466 954 508 1023 de
533 952 700 1026 Sardonia
731 954 850 1044 herba,
882 955 924 1026 de
955 954 1106 1025 lontibus
1136 951 1253 1022 calidis
1286 948 1439 1019 similiter

278 1096 317 1144 ea
335 1074 487 1145 omniaa
511 1075 630 1148 Solino
649 1080 697 1166 (4,
721 1099 753 1147 ι.
782 1076 815 1147 3.
835 1079 869 1147 6.
892 1079 927 1167 7)
945 1076 1128 1146 traduntur
1145 1097 1185 1146 ex
1198 1075 1313 1166 ignoto
1330 1072 1435 1184 lonae,

279 1213 310 1266 et
327 1195 466 1270 Servius
492 1198 632 1292 insuper
650 1222 693 1270 ex
715 1199 888 1270 Sallustio
912 1199 1033 1274 iisdem
1063 1198 1131 1268 fere
1161 1196 1272 1268 verbis
1300 1218 1340 1266 ac
1372 1194 1437 1264 Isi-

278 1320 383 1391 dorus
401 1345 590 1394 venenosae
612 1323 738 1394 herbae
755 1323 906 1416 apiastro
937 1322 1057 1394 similis
1089 1338 1247 1392 naturam
1280 1317 1440 1388 describit

179 1491 181 1496 ·
277 1445 386 1534 (serv.
407 1448 451 1516 ad
475 1449 515 1518 B.
533 1473 567 1540 7,
593 1449 667 1536 41).
692 1448 792 1537 Quid
811 1448 962 1519 mirum?
982 1445 1141 1520 Solinum
1160 1462 1261 1536 atque
1279 1442 1437 1516 Servium

277 1585 327 1638 tot
343 1568 513 1660 tantisque
531 1571 612 1639 locis
631 1569 803 1641 adhibitos
821 1587 976 1640 auctores
991 1569 1145 1672 Isidorus
1165 1568 1220 1638 hic
1234 1589 1370 1659 quoque
1385 1587 1438 1637 ex-

277 1692 421 1786 scripsit.
447 1692 612 1783 Minime,
638 1694 765 1765 accedit
788 1694 881 1765 enirn
918 1693 1119 1784 Pausanias,
1146 1707 1183 1761 ut
1206 1693 1260 1762 vix
1290 1689 1436 1760 dubitari

276 1817 395 1909 possit,
416 1818 500 1908 quid
517 1819 727 1890 censendum
747 1820 801 1891 sit.

418 2051 499 2128 Orig.
525 2072 566 2127 14,
587 2055 613 2125 6,
629 2071 682 2127 40:
902 2053 1059 2116 Pausanias
1081 2072 1122 2126 10,
1148 2072 1191 2129 17,
1215 2069 1256 2112 12.
1281 2053 1323 2110 13:
1347 2020 1349 2024 i

314 2193 349 2247 ln
367 2208 400 2249 ea
414 2208 508 2266 neque
521 2210 639 2266 serpens
652 2191 783 2267 gignitur
866 2197 963 2264 Ὀφσς
986 2195 1018 2250 δὲ
1040 2194 1110 2251 οὔτε
1134 2193 1161 2250 ol
1186 2195 1229 2250 ἐπὶ
1252 2195 1385 2264 συμφορᾷ
1401 2197 1438 2262 τῇ

276 2313 365 2372 neque
382 2297 474 2372 lupata,
502 2298 553 2356 sed
575 2297 701 2372 solifuga
718 2309 783 2355 tan·
831 2297 988 2366 ἀνθρώπων
1000 2299 1069 2353 οὔτε
1080 2298 1151 2354 ὅσον
1162 2297 1321 2367 ἀνώλεθρον
1330 2297 1436 2362 αὐτῶν,

278 2415 356 2460 tum.
368 2447 374 2460 .
386 2446 411 2460 ..
438 2403 582 2460 Venenum
608 2421 717 2480 quoque
742 2403 784 2460 ibi
831 2401 899 2456 οὐδὲ
915 2399 942 2455 ol
959 2402 1037 2457 λύκοι
1059 2400 1210 2469 τρέφεσθαι
1231 2401 1403 2469 πεφύκασιιὶ.
1414 2442 1436 2457 ..

276 2508 469 2580 nonnascitur
479 2507 535 2566 nisi
545 2509 636 2567 herba
646 2551 653 2566 .
664 2551 690 2569 ..
705 2508 783 2582 apia·
830 2502 912 2571 Πλὴν
929 2503 961 2558 δὲ
978 2503 996 2570 ἢ
1013 2505 1135 2573 βοτάνης
1152 2499 1214 2573 lust<
1229 2507 1376 2574 καθαρέύῑῑ
1392 2507 1435 2564 Καί

276 2625 338 2672 stro
352 2611 463 2672 ¹similis
481 2625 534 2674 etc.
829 2605 886 2660 dud
903 2605 1059 2674 φαρμάκων
1075 2607 1094 2676 ἡ
1111 2611 1197 2676 νῆσος
1221 2607 1275 2662 ὅσα
1295 2609 1436 2676 ἐργάζετο

829 2708 998 2778 θάνατον·ἡ
1024 2709 1081 2768 πόα
1107 2711 1138 2766 δὲ
1154 2711 1173 2780 ἡ
1189 2711 1313 2780 ὀλέθριος
1336 2701 1437 2778 σελίνῳ

831 2812 881 2880 μέν
898 2812 978 2869 ἐστιν
995 2813 1117 2884 ἐμφερὴς
1134 2831 1158 2871 κ.
1176 2831 1203 2870 τ.
1221 2793 1252 2870 t.'

323 3041 426 3128 Quae
444 3041 478 3110 in
499 3042 621 3114 Isidori
640 3045 715 3116 loco
729 3047 846 3138 pronis
865 3047 983 3122 litteris
1002 3051 1221 3144 exprimenda
1239 3049 1435 3121 curavimus

275 3187 384 3255 neque
408 3165 545 3237 Solinus
568 3169 694 3239 rettulit
714 3192 826 3262 neque
848 3174 941 3262 apud
955 3175 1062 3245 alium
1079 3193 1252 3246 auctorem
1267 3177 1435 3269 leguntur:
1450 3159 1457 3174 ⁸

277 3287 464 3356 Pausanias
482 3311 574 3379 vero,
609 3291 669 3382 qui
700 3291 755 3363 hic
774 3316 911 3387 quoque
940 3321 958 3366 e
991 3297 1152 3370 Sallustio
1179 3300 1438 3391 quodammodo

274 3410 421 3502 pendere
432 3413 576 3499 videtur,
597 3438 810 3508 quamquam
829 3423 871 3489 de
890 3419 1035 3514 solifuga
1049 3438 1150 3514 atque
1165 3423 1207 3494 da
1226 3421 1344 3493 calidis
1360 3423 1438 3496 Sar·

274 3532 386 3604 diniae
413 3535 566 3607 fontibus
579 3559 598 3606 a
613 3537 733 3611 Solino
747 3558 848 3633 atque
866 3542 999 3614 Isidoro
1015 3545 1211 3616 memoratis
1226 3546 1309 3617 nihil
1320 3547 1435 3632 habet,
1457 3599 1464 3616 .

273 3658 373 3748 lupos
391 3675 506 3730 tamen
522 3657 624 3752 atque
638 3685 747 3735 venen
758 3666 815 3736 ain
834 3665 993 3739 Sardinia
1003 3686 1073 3739 non
1088 3668 1227 3763 reperiri
1239 3693 1308 3741 non
1324 3669 1436 3740 solum

272 3779 420 3868 tradidit,
442 3783 501 3853 sed
519 3784 622 3863 'etiam
632 3786 677 3857 ita
692 3788 842 3880 tradidit,
855 3808 894 3860 ut
908 3789 942 3863 in
955 3791 1056 3863 rebus
1071 3794 1270 3865 enarrandis
1288 3796 1437 3865 cundem

274 3924 378 3992 quem
401 3905 554 3976 Isidorus
574 3926 708 3980 secutus
732 3911 775 3981 sit
797 3914 965 3986 ordinem.
1328 3914 1330 3918 Α

321 4025 424 4114 Quae
447 4053 526 4100 cum
548 4032 594 4102 ita
610 4033 676 4104 sint
699 4040 919 4110 statuendum
941 4063 1014 4113 esse
1038 4041 1183 4132 videtur,
1206 4041 1379 4114 Isidorum
1397 4067 1436 4138 εκ

273 4148 435 4223 Sallustio
467 4177 529 4225 sua
553 4157 731 4247 hausisse,
770 4162 832 4232 etsi
872 4165 1130 4235 concedendum
1157 4182 1208 4235 est
1239 4205 1283 4218 -·—
1305 4168 1437 4238 Kritzio
1548 4212 1552 4220 -

274 4277 439 4347 assentior
457 4321 512 4374 -,
539 4302 619 4356 eum
645 4283 965 4378 «Sallustianorum
986 4289 1170 4362 verborum
1193 4291 1288 4363 haud
1311 4291 1358 4363 ita
1381 4315 1435 4368 re-

273 4399 436 4472 tinentem
456 4430 472 4468 ιι
495 4401 611 4474 luisse.
