3444 5132
793 403 820 414 -
836 371 871 429 23
887 401 921 414 ...

265 449 406 588 eahae
424 507 613 584 sequuntur
632 520 647 556 u
673 490 873 560 Tarracius
889 503 968 562 ante
982 491 1075 560 alias
1087 491 1215 560 nutrix
1229 513 1395 584 equorum
1409 521 1424 556 s

263 622 356 716 apud
379 619 536 693 Solinum
559 620 617 706 45,
646 619 664 686 5
692 632 875 686 occurrunt
894 619 957 706 (1),
983 615 1114 706 reliqua
1149 639 1230 687 vero
1248 617 1334 686 .sola
1363 617 1428 687 lsi-

264 745 339 816 dori
360 741 558 812 auctoritate
581 742 693 811 adhuc
713 740 918 810 nitebantur.
946 738 1177 808 Nihilosecius
1195 755 1301 809 totam
1326 762 1427 831 para-

263 869 432 960 graphum
454 861 654 938 Sallustium
677 880 851 933 auctorem
876 861 1037 936 habuisse
1061 861 1196 954 opinor.
1289 891 1290 896 ¹

309 993 402 1062 Nam
424 1011 569 1080 eaquae
592 987 771 1061 Orosianis
793 988 917 1057 inserta
937 1009 1009 1055 esse
1038 987 1153 1077 paullo
1179 1002 1278 1054 antea
1299 985 1426 1078 siguifi-

201 1089 205 1095 ’
264 1115 368 1188 cavie
387 1113 547 1200 Sallustio
565 1115 716 1194 citantur
728 1112 822 1202 apud
841 1111 998 1186 Servium
1017 1111 1060 1179 ad
1080 1111 1174 1180 Aen.
1201 1133 1253 1194 11,
1275 1110 1344 1202 659
1363 1113 1425 1200 (a),
1448 1111 1451 1116 ’

231 1215 235 1222 ’
264 1259 296 1312 et
307 1255 480 1333 postrema
500 1237 621 1308 Isidori
635 1237 739 1308 verba
754 1264 769 1300 α
784 1235 904 1332 Halys.
916 1234 1029 1304 amnis
1048 1269 1090 1286 -
1102 1256 1123 1305 a
1136 1234 1285 1320 Persis»
1297 1258 1316 1303 e
1329 1233 1427 1303 tertio

266 1363 498 1438 Historiarum
523 1362 610 1433 libro
633 1362 821 1431 afferuntur
844 1361 879 1430 in
894 1362 1020 1431 'vetere
1042 1361 1086 1430 ad
1118 1361 1305 1438 Lucanum,
1330 1381 1427 1428 com-

264 1487 444 1576 mentario,
465 1509 504 1560 ex
523 1471 840 1578 quo'Hermannus
862 1488 995 1558 Usener
1018 1482 1287 1580 «antiquiorum
1320 1485 1442 1576 scrip-'

263 1629 379 1682 torum
403 1611 546 1681 frustula
570 1611 739 1702 quaedam
763 1639 778 1675 ο
809 1611 914 1681 edidit
937 1613 998 1702 (3).
1022 1613 1099 1680 Duo
1121 1610 1222 1702 igitur
1239 1609 1428 1702 fragmenta

263 1738 325 1807 hac
344 1738 559 1829 paragrapho
581 1734 810 1825 continentur,
837 1759 924 1826 quae
951 1736 1024 1806 sine
1048 1737 1116 1805 ulla
1151 1733 1362 1832 dubitatione
1384 1731 1427 1802 ad

160 1913 161 1916 =
263 1859 462 1934 Sallustium
482 1859 598 1950 referri
616 1877 781 1952 possunt,
801 1861 986 1951 quaeritur,
1013 1881 1098 1929 num
1122 1857 1252 1950 reliqua
1275 1879 1424 1949 quoque,

264 2005 352 2074 quae
373 1998 411 2050 ut
434 1980 501 2052 dixi
524 1980 616 2073 apud
644 1980 809 2053 Orosium
838 1997 870 2050 et
900 1980 1058 2054 Solinum
1087 1981 1208 2052 eodem
1243 1980 1349 2050 modo
1378 1980 1425 2048 le·

265 2123 402 2199 guntur,
426 2105 578 2176 eiusdem
601 2105 850 2193 auctorissint.
1227 2104 1231 2112 '

185 2221 186 2224 ¹
311 2229 359 2302 Ut
384 2251 404 2298 a
427 2227 546 2302 Solino
568 2228 757 2320 ordiamur,
782 2228 920 2299 verba«
945 2227 1060 2298 Terra
1086 2228 1150 2298 illa
1169 2237 1249 2299 ante
1263 2227 1354 2299 alias
1373 2227 1427 2298 al·
1506 2289 1508 2294 ,

267 2351 345 2426 trix
367 2372 533 2446 equorum
556 2362 589 2424 et
613 2353 801 2446 proventui
831 2352 955 2446 equino
983 2351 1303 2424 accommodissima
1334 2363 1385 2422 est
1408 2337 1443 2418 ο

265 2497 304 2549 ex
329 2494 465 2547 auctore
489 2477 588 2548 nobis
614 2477 729 2571 ignoto
749 2477 851 2547 simul
875 2499 954 2548 cum
984 2476 1191 2548 aliis‘rebus
1219 2476 1263 2546 ad
1289 2475 1426 2571 Cappa-

217 2583 221 2592 *
262 2599 396 2670 dociam
411 2601 639 2690 spectantibus
658 2603 877 2693 transscripta
892 2621 989 2670 sunt:
1012 2603 1169 2696 ignotum
1179 2616 1294 2670 tamen
1310 2621 1428 2670 earum

168 2784 170 2787 .
263 2743 378 2791 rerum
393 2739 566 2793 auctorem
581 2723 779 2797 Sallustium
793 2723 897 2792 fuisse
912 2723 1077 2814 suspicor.
1093 2723 1158 2792 Vix
1174 2722 1266 2793 enim
1285 2715 1427 2792 dubium

225 2904 231 2914 .
267 2867 338 2914 esse
361 2844 482 2938 potest,
505 2849 587 2938 quin
606 2847 787 2921 Sallustius
811 2847 845 2918 in
866 2847 1099 2918 Historiarum
1120 2847 1214 2918 libris
1233 2846 1275 2916 de
1289 2845 1426 2939 Cappa·
1537 2899 1539 2902 ψ

265 3006 454 3044 ---—-÷

300 3141 336 3212 (ι)
353 3138 467 3198 «Terra
483 3141 532 3197 illa
550 3151 615 3198 ante
629 3141 704 3200 alias
717 3142 811 3199 altrix
825 3157 963 3218 equorum
978 3151 1007 3198 et
1017 3143 1170 3218 proventui
1189 3142 1292 3215 equino
1312 3158 1426 3200 accom-

264 3228 433 3288 modissima
448 3240 490 3287 est
501 3253 525 3284 ο.

301 3318 338 3389 (a)
357 3343 370 3367 ιι
391 3317 499 3376 Tanais
511 3320 624 3395 fluuius
642 3321 754 3398 estqui
771 3331 888 3396 separat
906 3321 1009 3378 Asiam
1032 3320 1068 3377 ab
1087 3319 1225 3396 Europa,
1246 3319 1325 3378 circa
1344 3337 1427 3396 quem

263 3416 346 3465 antea
365 3410 526 3487 Amaqones
540 3410 748 3470 habitaverunt.
763 3411 845 3470 Unde
858 3429 890 3468 se
903 3420 1005 3488 postea
1020 3412 1058 3469 ad
1078 3411 1292 3474 Thermodonta
1299 3411 1427 3486 flurium

270 3495 412 3554 Thraciae
432 3499 646 3558 transtulerunt.
668 3501 754 3578 Quod
776 3501 864 3558 etiam
887 3501 1045 3558 Sallustius
1069 3510 1191 3559 testatur
1215 3500 1328 3558 dicens:
1342 3487 1426 3558 ¹Dein

264 3586 377 3661 campi
408 3581 539 3643 Threissi
563 3589 608 3659 (V.
636 3588 907 3664 Themiscyrei),
935 3607 1018 3666 quos
1046 3587 1196 3648 habuere
1224 3591 1423 3668 Amazones,

262 3693 280 3730 a
305 3672 399 3732 Tanai
405 3675 532 3752 flumine
548 3677 687 3735 incertum
706 3697 792 3754 quam
812 3681 847 3736 ob
865 3697 984 3738 cansam
1004 3679 1196 3756 digressae».

300 3763 337 3838 (3)
359 3789 372 3814 «
387 3764 554 3834 Hermannr'
575 3766 697 3824 Useneri
715 3767 751 3824 de
767 3767 886 3827 scholiis
908 3768 1085 3826 Horatianis
1103 3768 1306 3826 commentatio
1325 3767 1427 3838 [Index

264 3851 423 3909 lectionum
443 3852 595 3910 universit.
618 3853 727 3928 Rern),
746 3854 862 3912 Bernae
882 3851 948 3910 1863
973 3873 986 3907 n
1009 3871 1037 3927 p.
1058 3870 1121 3912 xxx.
1144 3871 1210 3911 xxxt
1236 3852 1371 3911 scholion
1389 3855 1427 3913 ad

266 3941 418 3998 Lucanum
436 3944 460 4012 3,
482 3942 533 3998 272
550 3943 607 4000 hoc
630 3944 748 4014 praebet
773 3946 980 4003 emendatum:
1005 3969 1019 3996 n
1043 3943 1118 4014 Qua
1146 3944 1274 4003 Croeso
1293 3944 1426 4020 fatalis

264 4028 401 4104 Halys:
421 4030 534 4106 fluuius
551 4032 641 4090 Asiae
661 4032 817 4102 interioris,
845 4035 964 4103 Κροίσου
990 4052 1113 4110 regnum
1141 4043 1170 4091 et
1194 4036 1285 4104 Κύρου
1313 4034 1426 4094 medius

263 4119 445 4177 terminabat.
466 4131 530 4177 erat
543 4131 640 4180 autem
659 4119 762 4197 Cyrus
781 4141 837 4182 rex
855 4125 1023 4194 Persarum,
1040 4124 1164 4182 Croesus
1177 4119 1425 4201 Lydorum.'cum

264 4205 338 4262 inter
355 4207 405 4264 hos
424 4219 568 4266 certamen
581 4210 616 4266 de
632 4211 754 4286 imperio
766 4223 917 4288 ageretur,
937 4212 1063 4272 Croesus
1086 4213 1229 4270 consuluit
1250 4212 1424 4288 Apollinem,

263 4293 311 4348 cni
329 4295 382 4351 hoc
400 4313 566 4372 responsum
584 4309 644 4356 est:
669 4304 785 4371 Κροῖσος
800 4304 887 4358 Ἅλυν
905 4305 999 4370 διαβὰς
1018 4304 1139 4372 μεγάλην
1157 4305 1246 4372 ἀρχὴν
1263 4303 1422 4358 καταλύσει.
1461 4322 1464 4325 ·

263 4389 291 4435 et
308 4379 464 4440 Sallustius
483 4387 535 4442 hoc
553 4387 651 4464 tetigit
671 4387 699 4443 in
717 4387 949 4466 historiaelibro
967 4387 1017 4444 ΙΙΙ
1024 4408 1032 4444 .·
1048 4405 1111 4464 per
1129 4388 1188 4444 hos
1205 4387 1327 4461 Halys
1339 4387 1424 4466 fluit
1453 4453 1455 4458 Ι

260 4469 319 4548 ‘qui
337 4473 503 4546 quondam
522 4475 660 4550 Lydiae
679 4493 788 4552 regna
814 4476 992 4533 disiunxit
1010 4494 1027 4533 a
1046 4477 1205 4534 Persicis
1220 4501 1244 4535 u.
