3444 5132
765 355 798 368 ..
815 327 852 385 55
867 356 901 368 ...

292 447 383 518 Cum
397 469 477 518 vero
497 469 565 516 non
584 447 687 516 morlo
705 462 824 515 auctos
839 445 1072 517 verumetiam
1084 445 1300 514 detruncatos
1314 463 1415 537 atque

183 667 186 672 1
221 613 225 624 ·
247 589 415 642 coartatos
434 571 530 644 Servi
549 571 814 685 commentarios
839 591 1015 676 superesse
1034 581 1175 659 constet,
1197 570 1325 641 mirum
1345 593 1414 640 non
1504 579 1506 584 '

186 737 189 742 ·
247 714 308 784 est,
333 696 426 786 quod
440 719 480 764 ex
494 695 704 786 plenioribus
720 693 856 764 scholiis
868 685 1058 763 isidoriana
1078 685 1275 784 seepissime
1291 685 1422 764 hausta⁴
1446 745 1449 752 -

182 874 184 880 ·
251 847 322 893 esse
343 822 533 891 videantur.
556 822 677 911 Neque
697 821 819 889 desunt
834 821 999 910 exempla,
1021 840 1108 908 quae
1127 819 1201 887 luce
1213 818 1338 888 clarius
1357 821 1415 888 de·
1470 853 1472 858 ·

250 962 451 1034 monstrent,
477 961 606 1015 exstare
632 944 665 1015 in
686 941 871 1038 Originum
894 931 989 1014 libris
1014 960 1046 1011 et
1065 942 1218 1034 pleniora
1243 942 1415 1014 Servianis

155 1129 157 1136 ,
249 1069 376 1138 scholia
390 1085 422 1137 et
441 1068 696 1159 deperditorurn
709 1069 753 1136 ad
771 1054 960 1159 Vergilium
981 1065 1307 1135 commentariorum
1326 1066 1415 1159 lra'g-

250 1210 375 1263 menta.
404 1192 514 1281 Quod
541 1208 578 1260 ut
609 1191 744 1283 planius
769 1191 992 1281 intellegatur,
1028 1211 1136 1281 pauca
1169 1189 1337 1259 eiusmodi
1361 1189 1414 1259 hic

250 1338 420 1409 apponere
445 1315 553 1385 liceat.
615 1299 623 1310 ’

202 1474 212 1494 ‘
293 1459 389 1551 Orig.
413 1481 469 1547 20,
497 1478 549 1546 14,
579 1481 614 1526 1:
642 1483 655 1519 l
683 1456 809 1526 Vomcr
827 1457 958 1542 dictus,
979 1457 1071 1548 quod
1089 1455 1125 1526 ri
1145 1457 1412 1539 humumeruct,
1450 1442 1456 1456 ⁵

214 1597 217 1603 '
247 1604 305 1653 seu
328 1581 371 1650 ab
395 1560 576 1651 eroinendo
601 1593 747 1650 terrem.
769 1581 821 1648 De
844 1603 911 1671 quo
940 1579 1147 1648 Lucretius:

900 1757 906 1764 .
957 1723 1063 1770 uncus
1078 1701 1200 1770 aratri
1248 1747 1251 1754 ,

412 1827 575 1918 ferreus,
596 1825 728 1895 occulte
745 1826 915 1896 decrescit
933 1845 1050 1896 vomer
1074 1826 1110 1894 in
1133 1824 1256 1906 arvis„

250 1985 431 2077 Sumitque
443 2006 510 2077 per
533 1985 743 2055 detrimenta
766 1985 1005 2080 fulgorem».
1031 1985 1123 2054 Cum
1152 1986 1216 2054 hoc
1238 1981 1280 2055 de
1301 2001 1414 2055 aratro
1434 1945 1484 2036 ἧ

249 2112 323 2179 loco
343 2111 369 2180 si
389 2110 485 2182 Serv.
507 2111 550 2180 ad
563 2111 606 2180 G.
635 2135 663 2199 1,
685 2113 731 2199 46
750 2134 1004 2204 comparamus,
1029 2111 1217 2203 pleniorem
1236 2132 1413 2180 commen·

248 2234 372 2302 tarium
385 2233 556 2304 Isidorum
568 2235 766 2306 adhibuisse
783 2239 895 2328 primo
909 2237 1030 2306 obtutu
1049 2239 1202 2329 apparet.
1218 2237 1315 2306 Nam*
1331 2236 1413 2305 haec

214 2451 216 2456 Δ
248 2357 400 2430 Servius:
432 2385 446 2424 ν
463 2346 627 2430 Attrr'tus
641 2360 871 2453 splendescere
884 2383 1002 2439 vomer
1011 2385 1025 2440 ;
1048 2359 1264 2432 Lucretius·
1280 2358 1414 2430 occulto
1528 2437 1530 2442 ,
1634 2419 1637 2426 .

247 2483 416 2552 decrescit
434 2505 550 2554 vomer
574 2485 610 2553 in
633 2507 742 2565 arvo,·
762 2487 868 2578 [quod
890 2485 1022 2556 evenire
1051 2483 1233 2576 frequenti
1255 2471 1415 2554 &ratione

248 2605 416 2694 norimus,
443 2618 483 2675 ut
501 2619 535 2676 et
558 2607 778 2699 splendidior
789 2610 863 2700 fiat
882 2619 915 2677 et
935 2619 1076 2680 teratur
1080 2661 1147 2678 .....
1151 2610 1165 2694 ]
1197 2634 1232 2678 »z
1268 2609 1414 2711 eundem

497 2919 537 2984 10,
551 2919 587 2976 72
600 2917 693 2988 (Serv.
710 2919 747 2974 ad
762 2918 836 2974 Aen.
856 2923 896 2988 12,
911 2922 982 2994 395).

551 3005 599 3062 198
614 3005 738 3064 obnixus
755 3007 846 3077 (Serv.
861 3008 898 3063 ad
913 3009 986 3064 Aen.
1000 3009 1027 3075 9,
1041 3008 1116 3080 725).

395 3123 398 3130 -
498 3093 539 3160 11,
555 3092 579 3158 1,
593 3092 625 3148 61
643 3094 736 3165 (δεῖν.
751 3095 788 3150 ad
801 3095 875 3154 Aen.
893 3097 935 3164 11,
949 3095 1020 3168 496).

499 3184 539 3248 12,
557 3186 581 3252 1,
596 3186 613 3240 8
628 3184 719 3258 (Serv.
736 3184 773 3240 ad
787 3184 861 3240 Aen.
876 3186 904 3253 3,
918 3186 989 3255 540).

525 3294 527 3298 ¹
552 3273 579 3343 6,
592 3274 623 3330 31
642 3272 735 3347 (Serv.
749 3273 787 3329 ad
802 3277 876 3330 Aen.
894 3276 934 3344 11,
947 3276 1019 3349 682).

411 3363 413 3370 ’
551 3363 628 3426 7,77
644 3360 736 3428 (Serv.
751 3360 789 3416 ad
804 3372 878 3422 Aen.
892 3365 919 3432 3,
934 3365 1005 3438 216).

497 3453 539 3520 13,
555 3443 597 3516 18,
611 3453 628 3506 5
641 3449 734 3524 (δεῖν.
751 3449 788 3522 od
803 3443 918 3519 Asn.'3,
934 3453 1005 3527 423).
1031 3505 1039 3524 .,

498 3537 539 3606 14,
552 3538 579 3604 7,
594 3541 612 3596 2
625 3537 771 3618 (δεῖν.εά
788 3545 860 3598 Aen.
876 3541 988 3620 8812).
1080 3595 1084 3604 .

444 3639 447 3646 ’
502 3623 505 3632 ‘
554 3624 629 3696 8,·12
643 3625 733 3696 (Serv.
749 3625 787 3682 od
801 3627 835 3685 G.
853 3617 963 3699 isse).

554 3712 582 3782 8,
600 3712 636 3767 18·
647 3714 737 3782 (Serv.
753 3709 794 3771 ad¹
806 3716 840 3772 G.
854 3717 880 3781 3,
895 3717 967 3780 474).

497 3803 536 3870 15,
552 3803 578 3870 e,
594 3802 620 3856 s.
636 3801 653 3854 o
668 3801 760 3876 (Serv.
776 3802 814 3860 ad
828 3805 903 3865 sen.
918 3789 1032 3876 sycon:
1074 3795 1076 3798 ’
1110 3849 1113 3859 ,

542 3879 579 3958 ’4,
596 3891 632 3946 13·
642 3891 736 3957 (δεῖν.ι
749 3891 787 3947 ad
801 3893 919 3959 Aen-:8
933 3893 1004 3964 515).
1169 3939 1172 3946 .

497 3979 537 4044 15,
555 3978 595 4047 16,
614 3979 752 4052 11“(δεῖν.
769 3980 806 4048 ad
818 3987 893 4040 Aen.
907 3981 935 4051 9,
950 3983 1023 4055 379).
1093 4029 1095 4036 .

497 4067 537 4134 18,
553 4071 579 4138 4,
594 4068 612 4122 4
627 4067 719 4138 (δεῖν.
732 4063 918 4146 «ἁμῖν-..11,
933 4071 1004 4142 527).

476 4176 478 4182 ·
553 4158 580 4228 7,
595 4159 612 4213 4
625 4157 718 4232 (δεῖν.
733 4157 771 4214 ad
790 4163 905 4226 Aensl',
925 4159 993 4231 131).
1021 4151 1024 4161 ’
1134 4213 1137 4224 ,

496 4245 537 4309 19,
551 4245 595 4312 31,
609 4243 627 4298 8
639 4245 731 4317 (δεῖν.
747 4243 785 4302 ad
799 4249 874 4302 Aen.
891 4246 932 4318 ll,
951 4250 1021 4319 144).
1187 4239 1191 4250 ’

442 4347 444 4354 ·
491 4331 536 4400 20,
555 4331 596 4404 11,
608 4333 626 4389 2
639 4331 737 4391 cubile
751 4333 842 4404 (Serv.
858 4334 895 4398 ad
909 4339 984 4414 Aen.
999 4323 1027 4406 4,
1043 4333 1115 4407 648).

367 4415 374 4484 ζ
479 4455 484 4464 ·
555 4419 1015 4518 11,v7(serv.adsensioni
1187 4441 1188 4444 ¹
