3444 5132
818 343 846 360 ..
864 313 900 372 aa
917 343 951 356 .-

303 429 485 500 concinunt
509 431 591 501 iocis
620 429 705 502 nihil
733 430 777 500 ad
800 432 1074 503 confirmandum
1104 432 1217 526 colligi
1238 449 1362 526 potest,
1386 448 1462 503 tum

304 555 382 625 inde
404 553 542 647 cogitari
565 554 741 640 nonlicet,
766 555 859 646 quod
883 539 1007 626 isidori
1038 572 1159 645 aetate,
1192 573 1376 649 postquam
1404 577 1464 648 per

304 695 464 770 quattuor
481 679 551 749 fere
573 680 705 748 saecula
725 678 760 748 in
782 701 847 750 usu
860 679 972 750 fuerat
986 678 1108 750 lustini
1124 678 1344 764 breviarium,
1357 679 1463 770 Trogi

304 802 523 872 historiarum
541 801 646 872 libros
664 801 798 894 penitus
821 802 973 874 interisse
991 802 1152 874 credibile
1165 777 1236 873 est.
1263 801 1324 872 Ad
1351 801 1464 895 ipsum

304 943 420 995 tamen
442 926 599 1018 Trogum
617 925 832 996 referendum
850 949 924 997 esse
941 927 1068 1016 locum,
1083 949 1187 1018 quem
1210 926 1252 996 de
1266 925 1361 998 Nino
1374 947 1464 995 nunc

304 1049 446 1141 legimus
460 1049 494 1120 in
506 1047 717 1142 Originibus,
729 1047 945 1122 nihilosecius
955 1049 1228 1124 existimaverim:
1249 1071 1328 1122 eum
1339 1047 1465 1141 quippe

304 1170 458 1240 Isidorus
480 1171 654 1264 exscripsit
674 1189 862 1261 auctorem,
886 1173 945 1264 qui
959 1174 1116 1265 Trogum
1138 1172 1306 1244 adhibuit.

349 1294 506 1366 Indolem
531 1295 678 1388 denique
690 1318 806 1368 rerum
820 1295 982 1367 eiustino
995 1295 1341 1389 in'Etymoiogiarum
1359 1295 1464 1368 libros

304 1435 516 1512 receptarum
539 1419 568 1488 si
587 1436 791 1513 spectamus,
816 1419 985 1491 eiusmodi
1007 1417 1220 1500 icre’omnia
1242 1443 1282 1491 ea
1311 1442 1384 1490 esse
1412 1419 1463 1488 vi-

304 1543 438 1632 demus,
458 1565 546 1636 quae
564 1544 609 1614 ad
629 1542 782 1616 instituta
803 1565 844 1614 ac
866 1565 980 1614 mores
998 1544 1207 1637 populorum
1225 1542 1416 1636 pertineant
1433 1557 1466 1611 et

304 1666 338 1736 in
364 1683 532 1737 terrarum
556 1667 622 1738 situ
646 1667 869 1739 describendo
888 1683 1076 1738 versentur.
1098 1669 1221 1758 Neque
1251 1667 1396 1758 mirum:
1423 1665 1463 1734 il·

305 1788 369 1858 lius
386 1787 479 1858 enim
499 1789 632 1882 generis
649 1811 724 1862 esse
745 1791 855 1862 soient
872 1811 960 1886 quae
989 1789 1142 1860 isidorus
1175 1814 1215 1865 ex
1247 1761 1465 1864 historiarum

303 1913 499 1984 auctoribus
521 1913 689 1988 exscribit.
