3444 5132
788 365 821 375 ...
838 333 873 392 33
889 365 923 378 ..-

321 453 478 528 Eandem
506 477 613 546 quarn
638 476 729 526 nunc
756 451 1066 542 demonstravimus
1093 451 1292 524 affinitatem
1323 453 1438 546 prodit

169 670 171 674 Ι
276 579 397 650 Isidori
423 580 517 648 locus
540 580 582 649 de
604 578 744 650 Corsica
762 579 929 670 insula(§
952 580 1012 668 41)
1038 599 1118 648 eum
1136 576 1434 669 iis'comparatus,
1483 581 1484 584 ’

275 724 362 792 quae
379 723 420 772 ex
438 701 576 776 Sallusti
601 701 819 772 historiarum
840 701 927 772 libro
947 701 981 770 II
1012 716 1208 792 supersunt
1243 701 1438 779 «Corsicae
1472 787 1479 800 ι

275 825 407 894 insulae
430 825 613 896 exordium
639 855 653 889 i
676 823 787 915 inquit
811 851 827 888 «
852 823 983 894 incolae
1001 823 1158 916 Ligures
1176 823 1358 917 dederunt,
1374 846 1435 921 crp-¹

267 946 437 1038 pellantes
460 960 532 1016 eam
555 947 752 1036 eunomiae
774 947 875 1017 ducis
899 971 930 1016 u:
952 968 1041 1037 quae
1062 945 1193 1038 optime
1210 945 1436 1036 quadrantad

274 1093 417 1162 eaquae
440 1069 577 1143 Solinus
602 1073 635 1162 3,
666 1094 698 1142 2.
726 1073 745 1142 3
768 1074 809 1140 ex
832 1071 947 1162 ignoto
966 1069 1092 1140 rettulit
1110 1085 1268 1154 auctore:
1298 1097 1315 1133 «
1337 1069 1457 1146 Inter

273 1215 359 1284 quas
380 1194 560 1264 Corsicam
578 1194 732 1287 plurimi
757 1194 794 1264 in
818 1193 963 1265 dicendo
986 1192 1097 1264 latius
1123 1192 1348 1264 circumuecti
1359 1193 1436 1285 ple-

187 1341 202 1370 r
274 1317 418 1386 nissima
437 1317 611 1388 narrandi
623 1316 844 1387 absolverunt
860 1315 1073 1409 diligentia,
1094 1317 1249 1408 nihilque
1272 1315 1436 1391 omissum

172 1537 173 1542 Ἰ
271 1442 364 1533 quod
382 1442 593 1513 retractanti
610 1464 677 1514 non
699 1441 749 1511 sit
767 1463 1034 1535 supervacuum:
1061 1451 1101 1514 ut
1124 1441 1345 1540 exordium
1375 1441 1435 1510 in-

275 1564 337 1633 col
346 1563 382 1632 is
404 1563 589 1656 Ligures
606 1564 815 1653 dederint,
843 1575 883 1634 ut
906 1563 1032 1657 oppida
1056 1575 1218 1634 extructa
1236 1563 1310 1642 sint
1328 1591 1344 1629 n
1371 1580 1433 1634 etc.

256 1687 432 1760 ‘Solinum
450 1704 565 1758 tamen
588 1689 632 1758 ab
656 1687 789 1758 Isidoro
808 1689 862 1758 hit
885 1687 1171 1758 adhibitum'non
1193 1711 1286 1778 esse,
1319 1689 1435 1759 Theo·

274 1813 377 1881 dorus
390 1812 589 1881 Mommsen
603 1812 695 1881 hisce
714 1813 866 1883 monuit:
893 1814 1037 1883 «Habet
1060 1811 1183 1883 similia
1198 1812 1351 1882 Isidorus
1381 1832 1433 1899 14,

275 1934 310 2019 6,
334 1955 393 2022 41,
416 1956 476 2004 nec
495 1951 610 2004 tamen
629 1957 668 2004 ex
687 1935 806 2008 Solino
820 1965 852 2006 u.
880 1938 927 2006 Et
943 1921 1031 2007 recte
1050 1936 1210 2028 quidem,
1240 1956 1321 2006 nam
1344 1935 1435 2004 unde

274 2078 337 2125 sua
355 2057 506 2128 hauserit
525 2058 690 2148 Isidorus,
712 2059 948 2130 enarratione
970 2061 1013 2130 de
1035 2059 1164 2152 origine
1182 2058 1331 2130 nominis
1343 2058 1434 2128 Cor-

274 2180 362 2251 sicae
377 2181 506 2253 insulae
521 2163 583 2273 (ι)Ι
596 2183 630 2252 id
649 2185 812 2275 sequitur,
829 2183 925 2254 cuius
947 2183 1063 2277 priora
1081 2184 1185 2256 verba
1204 2205 1244 2254 ex
1275 2181 1437 2256 Sallustio

274 2327 346 2374 esse
370 2305 463 2376 testis
482 2322 532 2376 est
552 2305 758 2395 Priscianus,
786 2323 903 2378 auctor
925 2307 970 2377 ab
991 2307 1123 2378 Isidoro
1142 2329 1322 2398 nunquam
1335 2305 1435 2376 adhi-

274 2427 376 2519 bitus,
403 2430 460 2522 qui
478 2433 515 2516 d,
542 2433 595 2520 15,
624 2431 668 2500 80
689 2431 737 2519 (p.
762 2432 831 2520 264
853 2431 963 2522 Keil):
988 2459 1005 2496 «
1024 2441 1058 2501 et
1077 2431 1196 2525 Ligus
1215 2453 1347 2524 quoque
1367 2431 1434 2500 Li·
1511 2433 1513 2438 ’

270 2553 380 2644 garis
399 2581 415 2617 u
443 2553 553 2645 inquit
577 2581 593 2617 «
612 2573 798 2624 commune.
827 2553 1082 2624 Sallustiusin
1107 2555 1148 2624 II
1177 2553 1435 2650 lu‘storiarum:
1557 2563 1561 2570 '

196 2681 204 2696 ’“
272 2677 331 2746 sed
349 2676 418 2768 ipsi
421 2677 554 2769 serunt
570 2689 712 2763 taurum
726 2699 768 2747 ex
778 2699 903 2770 grege,
924 2699 1021 2770 quem
1035 2696 1145 2771 prope
1163 2677 1275 2748 litora
1295 2675 1436 2768 regebat

219 2895 222 2902 Ι
273 2801 389 2868 Corsa
408 2799 554 2889 nomine,
576 2801 691 2892 Ligus
710 2800 839 2870 mulier
853 2815 893 2870 »s
908 2799 1071 2872 Prisciani
1092 2799 1206 2870 Iocum
1237 2821 1317 2869 curn
1350 2797 1437 2870 inter

274 2907 462 3014 fragmenta
484 2921 645 3013 reciperet
665 2922 817 2992 Kritzius
836 2922 972 3015 (fragm.
1000 2921 1136 2992 131ibri
1163 2923 1213 3006 II)
1235 2920 1359 2992 Isidori
1370 2919 1436 2993 sin·
1471 3011 1477 3026 .

273 3059 402 3136 tegram
419 3042 467 3114 rei
492 3046 724 3116 narrationem
743 3045 932 3139 repudiavit
964 3047 1051 3115 hanc
1077 3046 1122 3115 ob
1146 3067 1304 3118 causam:
1335 3072 1351 3110 u
1385 3047 1435 3116 Ex

273 3168 394 3238 eodem
413 3197 428 3233 u
452 3167 562 3259 inquit
584 3195 600 3232 «
617 3169 767 3243 Sallustii
791 3171 865 3239 loto
885 3171 992 3240 muita
1011 3169 1202 3262 desumpsit
1221 3169 1433 3241 isidorus

271 3291 402 3381 sedita,
424 3309 462 3363 ut
474 3296 648 3365 nonnullis
664 3293 803 3387 quidem
817 3295 929 3368 verbis
943 3295 1084 3366 servatis
1106 3295 1268 3369 orationis
1287 3295 1436 3366 formam

239 3385 247 3406 ⁶
273 3409 387 3486 tamen
405 3416 613 3508 immutaret,
635 3418 669 3488 id
685 3419 788 3511 ‘quod
811 3441 914 3512 supra
924 3419 968 3490 ad
992 3419 1038 3490 In
1053 3418 1102 3512 II,
1126 3441 1144 3488 2
1165 3415 1433 3489 observavimus.

277 3537 398 3629 Quare
422 3539 545 3612 Isidori
568 3533 671 3614 verba
689 3566 759 3614 non
777 3559 814 3612 ut
831 3530 963 3614 novum
983 3543 1228 3637 Fragmentum
1248 3519 1435 3614 exhibenda

275 3759 426 3772 m

310 3897 347 3968 (r)
368 3920 381 3946 «
399 3895 481 3951 Nam
500 3895 641 3971 quaedam
662 3895 754 3955 Corsa
772 3896 887 3954 nomine
910 3896 1009 3972 Ligur
1032 3896 1148 3967 mulier,
1168 3901 1234 3953 tum
1262 3903 1377 3951 taurum
1396 3912 1436 3952 ex
1495 3943 1496 3946 ,

272 3999 378 4058 grege,
399 4001 482 4058 quem
497 4000 590 4060 prope
608 3984 708 4044 littora
726 3986 857 4061 regebat,
877 3995 1060 4042 transnatare
1077 3984 1195 4042 solitum
1220 3982 1304 4058 atque
1318 3999 1374 4058 per
1392 3983 1435 4038 in·
1519 3989 1522 3996 '

272 4071 392 4129 terralla
416 4089 536 4146 corpore
561 4082 645 4130 aucto
673 4090 804 4132 remeare
829 4073 956 4145 rideret,
983 4073 1101 4147 cupiens
1120 4071 1195 4130 scire
1216 4072 1361 4148 incognita
1378 4071 1437 4128 sibi
1468 4055 1478 4074 ⁹

268 4156 385 4230 pabula,
408 4168 525 4216 taurum
543 4160 682 4218 arcteris
700 4160 913 4238 digredientem
935 4175 1022 4234 usque
1040 4160 1079 4217 ad
1098 4161 1222 4218 insulam
1236 4159 1356 4234 nauigio
1365 4175 1435 4234 pro·

271 4254 369 4301 secuta
391 4256 442 4304 est.
469 4244 560 4305 Cuius
587 4264 724 4323 regressu
752 4249 863 4307 insulae
879 4248 1069 4326 fertilitatem
1088 4257 1290 4326 cognoscentes
1307 4246 1435 4325 Ligures

272 4331 383 4392 ratibus
401 4334 442 4390 lbi
456 4336 581 4414 profecti
594 4345 660 4395 sunt
678 4353 801 4414 eamque
819 4336 932 4395 nomine
950 4335 1084 4397 mulieris
1101 4337 1229 4396 auctoris
1248 4345 1276 4393 et
1292 4334 1374 4392 ducis
1386 4350 1436 4410 ap·

270 4421 448 4495 pellauerunt
461 4445 487 4483 a.
