3444 5132
801 389 835 399 ..
852 345 885 414 31
904 389 938 400 ..

291 487 338 573 (4,
370 483 463 568 rlt'«
482 479 653 550 Sardinia
675 500 818 570 quoque,
849 499 951 569 quam
979 477 1072 567 apud
1100 473 1279 543 Timaeum
1313 473 1448 542 San'da-

292 586 397 676 liotin
433 605 604 698 legimns,
637 603 859 671 Ichnusam
897 601 1005 692 apud
1036 599 1233 691 Crispum
1263 627 1278 662 u
1302 601 1384 687 (1),
1421 614 1452 666 et

293 729 480 801 Pausanias
506 727 643 802 Sallusti
662 744 699 796 ut
711 727 844 796 videtur
858 725 997 816 vestigia
1016 744 1174 815 premens
1193 740 1264 793 tam
1283 745 1389 814 prope
1407 723 1451 790 ¹ad

292 854 468 924 Isidorum
497 853 643 942 accedit,
675 829 712 920 ut
741 848 1026 920 verisimillimum
1056 847 1090 915 id
1114 848 1191 916 hat:
1227 849 1300 936 (to,
1337 871 1390 938 17,
1422 849 1452 935 1)

291 965 484 1059 Ἑλλήνων
507 957 640 1044 ol'uar³
663 977 852 1059 ἐμπορίαν
875 975 1115 1052 ἐσπλέοντες
1142 971 1344 1052 Ἰχνοῦσαν
1373 973 1452 1037 ἐκά-

294 1086 423 1194 λεσαν,
438 1097 488 1164 ὅτι
497 1099 536 1165 τὸ
548 1099 655 1178 σχῆμα
665 1101 703 1180 τῇ
715 1091 889 1181 νήσῳ’κατ’
900 1094 992 1175 ἴχνος
1007 1091 1144 1175 μάλιστά
1159 1092 1249 1159 ἐστιν
1264 1091 1450 1172 ἀνθρώπου.

292 1215 356 1286 Ch
374 1217 475 1286 etiam
498 1215 560 1288 Sil.
587 1215 662 1284 Ital.
695 1195 760 1302 in,
778 1213 844 1282 355
866 1236 956 1304 sqq.:

509 1380 602 1432 Insula
611 1379 757 1447 fluctisono
769 1377 974 1430 circumuallata
984 1377 1121 1445 profundo

507 1480 661 1547 castigatur
677 1477 764 1548 aquis,
781 1491 982 1544 compressaque
997 1476 1214 1544 gurgite‘terras
1230 1491 1232 1496 ·

508 1590 628 1629 enormes
643 1575 747 1627 cohibet
759 1573 845 1624 nudae
858 1573 906 1624 suh
921 1572 1037 1640 imagine
1047 1573 1166 1638 plantae.

511 1673 577 1724 Inde
594 1672 709 1723 Ichnusa
721 1672 799 1737 prius
817 1669 909 1722 Graiis
925 1676 1073 1722 memorata
1087 1669 1197 1730 colonis,

493 1783 583 1837 ,moon
600 1767 706 1834 Libyci,
722 1767 836 1832 Sardus,
849 1782 980 1834 generoso
995 1767 1125 1834 sanguine
1134 1767 1224 1832 fidens

508 1867 644 1932 Herculis,
661 1881 698 1918 ex
713 1881 770 1918 sese
786 1866 900 1918 mutauit
913 1867 1019 1948 nornine
1037 1873 1135 1918 terrae.

342 2015 445 2102 Quae
467 2035 547 2092 cum
566 2013 611 2082 ita
635 2013 701 2082 sint
722 2013 816 2084 haud
835 2035 915 2082 sane
935 2014 1103 2105 intellego,
1136 2035 1197 2082 cur
1226 2012 1377 2087 Kritzius
1393 2015 1454 2082 'al-

294 2159 402 2212 teram
424 2139 527 2210 huius
546 2139 749 2232 paragraphi
772 2155 903 2232 partem
926 2138 1086 2211 Sallustio
1109 2138 1362 2228 abiudicaverit,
1375 2161 1453 2208 cum

296 2265 416 2334 iisdem
434 2285 473 2334 ac
492 2285 596 2356 supra
620 2261 816 2348 auctoribus
835 2263 896 2332 niti
921 2263 1045 2355 liueret.
1099 2239 1101 2242 ⁵
1466 2327 1469 2335 ,

233 2461 236 2465 Α
337 2386 406 2460 Sed
423 2409 625 2480 pergamus:
644 2387 695 2455 lta
715 2387 867 2458 Kritzius
884 2377 942 2475 (ad
955 2386 1077 2478 fragm.
1102 2409 1120 2455 2
1138 2387 1214 2457 libri
1231 2388 1292 2478 ll):
1319 2387 1456 2476 «Quod

296 2502 664 2577 Isidorus'Satdiniam
686 2505 750 2575 XL
769 2504 864 2574 milia
893 2528 1060 2599 passuum
1090 2507 1124 2575 in
1154 2504 1366 2576 latitudinem
1391 2530 1468 2600 pa-¹

294 2621 371 2722 tere'
385 2629 478 2718 dicit,
492 2621 573 2698 'sive
604 2650 643 2696 ex
666 2625 828 2718 Sallustio
851 2619 976 2718 hausit,
1008 2629 1078 2698 sive
1113 2630 1198 2722 ipse·
1212 2628 1333 2715 tradit,
1364 2631 1456 2700 haud

294 2751 396 2822 dubie
419 2732 545 2823 falsum
570 2769 631 2820 est.
660 2751 781 2839 Quare
806 2769 842 2820 ut
865 2753 999 2823 numeri
1025 2754 1112 2823 ratio
1133 2753 1274 2846 propius
1299 2755 1343 2822 ad
1367 2755 1455 2822 veri-

294 2893 397 2946 tatem
419 2877 575 2962 accedat,
605 2852 754 2945 coniicio
775 2900 839 2968 pro
864 2879 928 2946 XL
960 2879 1094 2946 inverso
1122 2879 1241 2948 ordine
1271 2902 1343 2974 esse
1372 2878 1455 2947 scri-

197 3015 199 3020 ·
295 2984 449 3070 bendum
469 2989 553 3086 LX,
578 3019 791 3089 quamquam
809 3015 923 3070 autem
946 3021 988 3068 ne
1008 2999 1231 3090 hoc.quidem
1254 3001 1335 3070 satis
1354 3010 1454 3071 accu-

268 3137 408 3191 »ratum
433 3137 483 3191 est
512 3121 568 3210 (cf,
601 3121 774 3191 Mannerti
804 3121 929 3215 Geogr.
960 3122 1081 3192 Graec.
1113 3139 1145 3192 et
1179 3125 1282 3210 Rom.
1312 3125 1379 3193 vol.
1407 3125 1458 3193 lX

295 3267 329 3336 p.
352 3244 387 3320 ll
407 3266 442 3335 p.
464 3247 561 3336 470),
589 3261 704 3314 tamen
724 3245 770 3314 sic
792 3262 934 3337 uterque
953 3269 1118 3317 numerus
1132 3247 1200 3316 lere
1215 3270 1294 3318 cum
1317 3271 1356 3316 eo
1377 3271 1478 3324 con.

295 3367 395 3458 gruit,
421 3389 527 3457 quem
547 3368 736 3438 Pausanias
761 3369 806 3458 X,
842 3393 893 3461 17,
925 3395 936 3440 1
961 3370 1111 3463 prodidit
1140 3400 1171 3455 u.
1201 3372 1341 3460 Quibus
1374 3358 1458 3441 nihil

295 3491 363 3560 sere
388 3491 782 3583 mihiadde'ndumes13
807 3494 942 3564 numeri
975 3495 1067 3565 enim
1095 3477 1215 3586 procul
1241 3495 1348 3565 dubio
1380 3519 1456 3566 cor-

295 3617 393 3706 rupti,
408 3630 487 3684 sunt
501 3617 563 3705 (a).
591 3618 740 3708 Excepta
759 3641 839 3687 vero
854 3639 1078 3688 numerorum
1097 3609 1324 3715 discrepantia
1338 3619 1458 3688 eodem

295 3738 400 3809 modo
422 3739 464 3814 de
484 3739 693 3832 longitudine
715 3763 754 3811 ac
777 3741 954 3812 latitudine
983 3743 1113 3814 insulae
1143 3741 1323 3815 Sallustius
1352 3743 1458 3836 egisse

296 3915 447 3928 m
503 3927 505 3932 ,

333 4013 370 4086 (ι)
393 4036 406 4062 λ
425 4016 484 4072 Pto
503 4011 610 4085 Crispo
630 4011 743 4068 Plinius
763 4013 809 4084 [ex
826 4029 885 4086 quo
909 4012 1005 4070 hausit
1027 4011 1159 4088 Solinus]
1186 4011 1255 4069 citat
1281 4011 1457 4086 Myrsilum;

294 4095 408 4154 videtur
427 4095 526 4154 autem
545 4097 665 4154 Solinus
683 4116 744 4155 non
762 4111 822 4155 tam
836 4117 956 4172 errasse,
976 4118 1064 4175 quam
1084 4101 1121 4156 ad
1141 4100 1272 4157 Plinium
1287 4101 1459 4156 adnotatum

296 4179 434 4256 reperisse
453 4186 524 4242 haec
544 4181 614 4243 item
634 4185 764 4244 referria
783 4187 934 4259 Sallustio,
954 4207 1043 4262 quem
1062 4199 1176 4245 constat
1194 4188 1307 4245 similia
1326 4205 1459 4246 narrasse

297 4271 328 4326 in
346 4272 477 4333 historiis
497 4298 510 4324 u
531 4267 680 4332 Monusau
698 4276 736 4333 ad
748 4275 849 4333 Solia.
865 4275 937 4350 hl.

331 4358 369 4429 (a)
390 4359 488 4416 Etiam
506 4361 720 4420 vetustissimus
739 4361 803 4420 cod.
820 4361 977 4420 Carolinus
997 4363 1241 4440 Guelferbytanae
1264 4364 1459 4423 bibliothecae

298 4445 377 4503 CXL
397 4459 425 4505 et
444 4447 498 4504 XL
517 4448 614 4508 habet.
