3444 5132
711 975 765 1030 ὓΕ
801 973 969 1030 eltuto

304 1407 395 1479 Cum
418 1429 458 1477 ex
476 1377 588 1499 operis
603 1405 756 1476 instituto
776 1405 949 1477 Isidorum
964 1427 1032 1474 non
1054 1403 1275 1497 etymologias
1289 1420 1422 1476 tantum

178 1507 186 1524 ’
258 1553 449 1624 congerere,
473 1553 594 1600 verum
612 1528 715 1600 etiam
734 1531 769 1600 in
784 1528 1014 1600 describendis
1029 1509 1306 1618 illustran'disque
1320 1529 1421 1599 rebus

193 1715 196 1720 .
259 1678 399 1748 operam
430 1653 627 1748 impendere
657 1654 721 1725 sibi
749 1652 967 1747 proposuisse
1000 1654 1146 1744 liqueat,
1177 1653 1305 1723 mirum
1341 1675 1422 1722 sane

259 1796 357 1870 esset,
376 1779 405 1848 si
427 1777 583 1848 Pliniana
606 1793 655 1846 tot
678 1777 848 1869 tantisque
870 1776 972 1847 rebus
996 1777 1118 1846 referta
1154 1776 1277 1848 scrinia
1308 1778 1419 1869 negle-
1521 1761 1524 1768 ⁴

259 1905 371 1991 risset,
398 1903 577 1993 exquibus
595 1923 701 1989 parvo
716 1901 850 1993 negotio
869 1879 962 1992 quod
978 1902 1173 1992 quaerebat,
1190 1917 1222 1970 et
1237 1900 1420 1972 verborum

259 2028 500 2100 derivationem
520 2043 554 2096 et
575 2047 691 2096 rerum
715 2024 999 2116 descriptionem,
1034 2026 1069 2093 in
1098 2047 1200 2094 suum
1228 2042 1421 2097 convertere

260 2167 374 2240 posset
394 2173 506 2220 usum.
534 2147 822 2242 Acceptissimum
840 2147 940 2240 igimr
955 2147 1086 2218 fontem
1104 2149 1278 2220 volumina
1297 2149 1339 2219 de
1358 2173 1420 2219 na-

258 2289 354 2344 turae
368 2272 507 2346 historia
527 2273 680 2345 Isidorus
705 2271 861 2342 adhibuit
879 2271 1078 2364 passimque
1101 2295 1142 2342 ex
1161 2272 1282 2343 iisdem
1313 2275 1421 2342 multa

257 2397 293 2468 in
319 2398 501 2490 Originum
527 2397 632 2466 libros
655 2395 838 2480 transtulit,
863 2395 896 2465 id
920 2397 1013 2486 quod
1031 2393 1265 2489 iampridem
1297 2412 1330 2466 et
1355 2397 1420 2467 Isi-

259 2521 333 2592 dori
353 2537 385 2591 et
405 2521 494 2591 Plini
510 2520 654 2600 editores
673 2520 910 2602 observarunt,
936 2541 1086 2610 quorum
1110 2520 1145 2590 hi
1164 2519 1256 2592 locos
1274 2519 1319 2590 ab
1336 2519 1419 2590 His-

257 2647 387 2736 palensi
417 2643 577 2736 episcopo
603 2642 790 2740 exscriptos
818 2645 862 2712 ad
891 2641 1222 2744 emendandaPlini
1254 2642 1358 2714 verba
1385 2642 1420 2711 in

159 2749 161 2754 ⁵
258 2786 369 2859 partes
392 2783 609 2838 vocaverunt.

307 2893 416 2980 Quod
442 2893 470 2960 si
489 2915 580 2962 nunc
609 2894 726 2983 paullo
752 2891 944 2984 diligentius
978 2892 1236 2964 consideramus
1266 2914 1353 2984 quae
1386 2893 1420 2963 iu

261 3015 555 3108 Etymologiarum
574 3015 668 3086 libris
692 3032 858 3086 exstante
882 3013 994 3086 Plinio
1021 3016 1155 3104 hausta,
1182 3015 1335 3108 primum
1357 3041 1420 3110 ap-

258 3159 366 3236 paret,
388 3144 562 3213 Isidorum
585 3142 620 3214 in
638 3143 859 3214 exscribendo
883 3143 1051 3234 saepeita
1077 3165 1151 3213 esse
1175 3161 1359 3234 versatum,
1385 3161 1422 3214 ut

258 3283 317 3336 aut
335 3265 418 3336 nihil
441 3265 622 3338 immutato
641 3267 692 3364 uel
712 3267 840 3338 omisso
862 3266 1065 3340 adverbum
1083 3267 1234 3337 Plinium
1252 3268 1418 3354 redderet,

257 3405 315 3459 aut
333 3391 487 3480 -quod
510 3375 712 3482 plerumque
733 3390 862 3461 sactum
884 3408 999 3460 est-
1033 3392 1112 3461 hinc
1141 3392 1219 3463 inde
1250 3395 1421 3487 carpendo

258 3533 345 3605 quae
361 3531 552 3583 memoratu
572 3514 674 3605 digna
693 3513 887 3585 viderentur
907 3515 1063 3586 Pliniana
1081 3516 1184 3588 verba
1203 3499 1419 3610 suoconglu-

257 3640 379 3714 tinaret
398 3641 503 3710 modo
522 3663 583 3710 nec
599 3639 789 3731 quidquam
804 3641 941 3712 aliunde
954 3643 1146 3712 adnectens.
1164 3641 1276 3710 Multa
1300 3639 1421 3710 deinde

256 3765 486 3852 inveniuntur,
512 3787 600 3855 quae
628 3764 763 3836 nonnisi
790 3764 1007 3836 adsensum
1036 3764 1126 3836 Plini
1153 3763 1335 3834 sententias
1364 3787 1419 3834 re-

257 3889 381 3977 ferunt,
407 3887 453 3958 ita
477 3903 593 3970 tamen
617 3905 655 3957 ut
677 3889 720 3957 de
739 3905 876 3960 auctore
896 3905 1042 3981 nequeat
1055 3888 1215 3973 dubitari,
1232 3910 1312 3958 cum
1331 3912 1419 3962 non-

254 4003 351 4082 ¹nulla
374 4012 480 4104 ipsius
491 4006 601 4082 ‘verba
626 4011 779 4082 isidorus
804 4012 989 4090 retinuerit.
1013 4013 1177 4105 Exempla
1194 4035 1331 4104 quoque
1350 4036 1420 4086 non

256 4137 390 4224 desunt,
412 4138 447 4206 in
462 4136 587 4227 quibus
612 4135 880 4208 interPliniana
904 4136 992 4206 miro
1015 4137 1155 4208 artificio
1173 4113 1311 4228 aspersa
1324 4135 1419 4207 inve-

255 4259 395 4328 niuntur
414 4283 501 4351 quae
527 4285 566 4332 ex
588 4261 707 4334 Solino
732 4278 764 4331 et
788 4260 984 4354 Augustino
1004 4261 1220 4339 affluxerunt.
1248 4263 1298 4330 Ea
1322 4260 1417 4332 deni-

257 4401 323 4471 que
341 4384 587 4472 praetereunda
601 4407 670 4454 non
695 4401 784 4474 sunt,
812 4407 899 4479 quae
917 4407 997 4464 curn
1023 4384 1116 4456 haud
1135 4383 1238 4454 dubie
1252 4406 1291 4452 ex
1308 4382 1420 4452 Plinio
