3444 5132
799 355 831 365 ..
849 326 882 382 17
899 355 946 370 ..,

179 423 181 431 ¹
277 451 407 543 placas
445 461 478 518 et
511 443 659 541 thynnos
685 457 787 538 atque
814 443 994 537 delphinos
1016 443 1107 513 alias
1139 442 1269 514 belluas
1295 444 1446 514 maiores

280 595 348 642 nou
360 571 507 665 patitur
530 601 562 660 1,
588 565 749 672 Sallustio
772 567 915 639 minime
941 566 1206 638 adiudicandum
1229 589 1351 638 censeo
1371 567 1442 662 ety-
1528 625 1531 630 .

282 695 485 788 mologicam
507 715 628 764 eorum
651 709 784 794 partem
807 693 997 784 (usquead
1021 693 1165 764 verbum
1189 705 1312 796 atque;
1343 692 1446 765 reicio
1473 733 1476 740 ·

281 819 486 890 vocabulum
510 818 669 911 eoquod
693 816 824 888 addidit
845 817 929 888 Otto
958 793 998 887 eri
1022 815 1091 888 Gu.
1122 841 1151 887 1.
1180 840 1213 888 2.
1234 821 1319 908 va),
1340 839 1446 910 quarn

282 943 346 1035 ipsi
370 941 504 1012 lsidoro
528 940 696 1010 attribuo·
688 946 897 1033 ,postrema
929 940 1033 1011 verba
1056 964 1074 1010 e
1099 939 1218 1014 Solino
1242 941 1453 1031 (1113)(1)

192 1142 195 1146 ,
281 1067 384 1159 petita
405 1065 576 1156 videntur,
602 1066 667 1136 nisi
692 1065 778 1136 forte
807 1088 846 1136 ea
877 1087 1016 1157 quoque
1047 1065 1091 1134 ad
1122 1065 1271 1134 eundem
1307 1063 1445 1138 Sallusti

228 1207 237 1224 ·
282 1192 396 1268 locum
416 1175 598 1283 pertinent,
624 1213 664 1260 ex
695 1212 765 1281 quo
798 1189 928 1282 reliqua
953 1190 995 1259 de
1024 1205 1145 1260 natura
1179 1188 1312 1260 Pontici
1341 1189 1446 1260 maris

281 1313 461 1423 desumpta
483 1331 563 1387 sunt
586 1315 656 1404 (cl.
670 1313 882 1386 Ammian.
873 1337 908 1384 111
927 1298 1009 1384 adn.
1030 1313 1157 1403 acin).

267 1470 272 1482 Ι
329 1529 361 1576 2
388 1505 495 1600 Ortg
526 1507 661 1604 13,18,
689 1508 837 1596 3-5(2).

330 1631 434 1722 Quae
453 1631 576 1702 deinde
598 1633 691 1724 apud
716 1633 889 1704 Isidorum
915 1635 968 1724 13,
991 1634 1044 1724 18,
1068 1632 1106 1701 3-
1112 1635 1131 1702 5
1152 1631 1194 1700 de
1213 1630 1299 1700 freto
1317 1628 1444 1742 Siculo,
1454 1715 1455 1718 Ἴ

169 1825 172 1832 ,
265 1756 326 1861 de
350 1755 462 1848 Scylla
485 1771 586 1846 atque
604 1754 781 1854 Charybdi
803 1759 972 1848 leguntur,
997 1779 1037 1828 ex
1058 1755 1220 1832 Sallustio
1238 1755 1309 1824 fere
1332 1733 1447 1823 omnia

170 1957 173 1966 ,
205 1927 208 1932 -
284 1879 389 1971 petita
407 1879 577 1964 1111111111.
597 1880 712 1950 Verba
730 1879 858 1970 enim§
886 1881 910 1964 3¹
931 1909 959 1945 ¹«
979 1879 1174 1958 Sallustius
1198 1879 1265 1950 tali
1283 1901 1325 1948 ex
1343 1901 1446 1948 causa
1473 1907 1476 1916 ¹

285 2043 328 2054 -
345 2014 408 2073 aut
425 2026 492 2098 per
516 1996 892 2098 angustiamscissum
920 2033 935 2070 1
953 2003 1076 2098 Ι1111111
1098 2002 1288 2074 immutatis
1309 2001 1447 2076 Servius
1467 2051 1469 2054 -

235 2137 237 2141 ’
271 2125 396 2198 attulit
413 2126 457 2196 ad
479 2119 570 2200 Aen.
598 2129 631 2218 3,
649 2149 721 2217 414
738 2151 778 2197 ex
803 2127 965 2204 Sallustio
984 2111 1061 2218 (3),
1081 2144 1114 2197 et
1142 2149 1229 2218 quae
1241 2105 1245 2116 ⁹
1259 2143 1449 2217 sequuntur

262 2286 266 2296 ·
290 2248 621 2334 11Ε1111111Ῥῆγιον
645 2250 875 2340 nominatum,
901 2251 985 2342 quia
1013 2241 1144 2344 graece
1170 2249 1357 2350 abruptum
1387 2249 1450 2332 boc
1495 2245 1498 2254 ¹
1555 2256 1557 2261 '

234 2365 237 2375 ’
286 2371 421 2442 nomine
432 2349 695 2466 nuncupatur»
718 2365 1053 2478 'apud'Pontpeium
1078 2373 1234 2466 Trogum
1263 2394 1283 2443 a
1317 2371 1449 2442 Iustino
1480 2425 1482 2430 -

287 2547 438 2558 -n--n——n

321 2651 362 2726 (1)
372 2675 385 2703 11
450 2651 491 2709 ibi
502 2652 628 2728 praeter¹
631 2652 741 2726 phocas
755 2635 920 2711 rarabelua
927 2644 1130 2727 est'plur‘imus
1146 2649 1275 2726 thynnus
1286 2649 1314 2706 in
1323 2647 1416 2706 Ponto
1423 2663 1448 2720 a,
1494 2701 1498 2710 .

285 2739 322 2796 cl.
339 2741 381 2811 12,
395 2741 429 2796 3:
448 2764 461 2790 11
475 2739 562 2796 Haec
572 2739 720 2815 profunda
733 2738 883 2814 delphinas
895 2737 1039 2814 plurimos
1051 2740 1155 2796 habent
1169 2763 1193 2795 11.

321 2827 388 2908 (1)1
388 2827 527 2885 «Fretum
546 2827 677 2896 Siciliae,
699 2827 774 2902 quod
787 2827 937 2902 Rhegium
949 2827 1070 2900 dicetur,
1084 2826 1241 2884 Sallustius
1252 2827 1305 2883 tali
1314 2844 1450 2885 excausa

284 2915 383 2974 uocari
400 2915 502 2972 scribit
519 2915 635 2987 diceus,
646 2913 752 2970 ltaliae
770 2915 840 2970 olim
862 2915 1042 2972 coniunctam
1052 2915 1152 2990 juisse
1169 2913 1316 2987 Siciliam,
1335 2925 1364 2972 et
1381 2916 1449 2972 dum

285 3013 360 3061 esset
381 3021 437 3060 una
455 3004 539 3059 tellus
558 3003 686 3078 medium
705 3003 835 3078 spatium
854 3013 905 3060 aut
919 3019 975 3078 per
993 3003 1187 3060 humilitatem
1208 2989 1362 3079 abruptum
1384 3004 1449 3078 [leg.

285 3090 432 3162 obrutum]
449 3099 492 3147 est
509 3089 611 3166 aquis,
638 3099 690 3146 aut
710 3105 767 3164 per
784 3091 954 3166 angustiam
971 3091 1105 3147 scissum
1123 3090 1166 3147 Et
1189 3091 1253 3147 inde
1271 3093 1381 3162 Ρὴγιον
1399 3108 1451 3146 no·
1460 3079 1463 3144 ζ

286 3180 438 3251 minatum,
458 3178 526 3254 quia
544 3195 653 3254 graece
671 3177 833 3254 abruptum
851 3177 904 3236 ltoc
926 3179 1041 3236 nomme
1055 3189 1257 3258 nuncupatur.
1281 3178 1337 3246 Est
1355 3188 1462 3260 autem·

171 3266 195 3354 '⁴
218 3333 220 3338 ,
284 3268 465 3326 artissimum
484 3268 573 3325 trium
593 3267 718 3325 millium
737 3268 833 3342 spatio
851 3268 987 3326 Siciliam
1000 3267 1037 3326 ab
1049 3269 1138 3346 Italia
1154 3269 1296 3341 dividens,
1305 3266 1452 3344 sabulosis

286 3355 394 3435 infame
427 3359 584 3430 monstris,
611 3358 693 3415 cuius
719 3357 785 3416 hinc
809 3358 873 3415 iude
898 3343 1003 3435 Scylla
1026 3369 1055 3417 et
1082 3339 1254 3435 Charybdis
1281 3356 1450 3416 ostenditur.

285 3467 312 3520 4.
330 3447 466 3522 Scyllam
485 3401 600 3505 accoleie
618 3465 727 3506 saxum
748 3447 826 3513 mari
841 3448 993 3506 imminens
1006 3449 1161 3524 appellant,
1179 3448 1274 3506 simile
1293 3446 1451 3504 celebratae

276 3537 398 3612 formae
419 3537 524 3611 procul
548 3535 717 3594 ridentibus.
732 3535 877 3592 ,Undeet
895 3535 1108 3602 monstruosam
1131 3537 1255 3612 speciem
1266 3535 1389 3613 fabulae
1407 3533 1452 3590 illi
1519 3536 1523 3550 ¹

284 3623 433 3696 dederunt,
451 3623 536 3699 quasi
552 3626 687 3700 sormam
706 3620 844 3706 bominis,
863 3619 975 3683 caninis
998 3627 1175 3688 succinctam
1200 3625 1358 3699 capitibus,
1383 3624 1451 3699 quia

285 3712 379 3770 collisi
403 3712 444 3768 ibi
461 3711 573 3788 fluctus
600 3713 724 3769 latratus
748 3713 893 3771 uidentur
908 3714 1084 3790 exprimere.
1109 3714 1133 3772 5.
1161 3712 1331 3788 Charybdis
1356 3712 1470 3782 dicta,
1517 3727 1521 3734 ’
1573 3759 1577 3770 .

285 3800 360 3876 quod
376 3799 549 3877 gurgitibus
568 3799 687 3880 occultis
706 3817 791 3859 naues
810 3801 969 3864 absorbeat.
997 3802 1053 3860 Est
1073 3801 1150 3858 euim
1174 3818 1256 3858 mare
1278 3799 1452 3860 verticosum

285 3898 313 3946 et
332 3889 397 3945 inde
417 3889 461 3946 ibi
476 3889 585 3946 laniata
613 3889 773 3965 naufragia
797 3883 943 3967 profundo
968 3895 1130 3967 emergunt.
1157 3890 1216 3946 Ter
1233 3897 1330 3946 autem
1358 3888 1452 3945 indie
1491 3920 1495 3940 1
1527 3951 1529 3957 y

286 3977 379 4052 erigit
389 3977 501 4051 fluctus
520 3987 548 4034 et
567 3986 610 4034 ter
628 3977 769 4054 absorbet.
790 3978 872 4035 Nam
890 3978 998 4054 accipit
1016 3995 1107 4054 aquas
1127 3987 1159 4034 ut
1176 3987 1297 4048 evomat,
1319 3975 1409 4036 uomit
1422 3986 1453 4055 ut
1547 4051 1550 4056 1

287 4081 405 4122 rursum
419 4066 547 4141 accipiat
561 4089 586 4124 1.
904 4085 906 4091 ’

324 4154 361 4228 (3)
380 4153 489 4215 «Haec
503 4155 582 4226 loca,
596 4165 627 4211 ut
640 4155 730 4212 etiam
738 4155 897 4214 Sallustius
911 4155 994 4214 dicit:
1003 4156 1108 4214 ltaliae
1121 4157 1257 4214 Siciliam
1270 4156 1451 4236 coniunctam
1465 4155 1467 4164 ’

286 4252 397 4300 constat
405 4243 520 4320 fuisse:
538 4199 590 4300 seli
607 4243 736 4302 medium
753 4245 895 4321 spatium
892 4255 953 4302 aut
966 4263 1023 4322 per
1031 4239 1235 4304 bumilitatem
1249 4247 1383 4304 obrutum
1396 4253 1450 4316 est,
1483 4255 1486 4262 ’

287 4340 338 4386 aut
349 4347 403 4406 per
415 4333 583 4406 angustiam
597 4333 730 4420 scissum
744 4333 788 4390 Ut
785 4344 894 4398 autem
907 4347 1027 4396 currum
1039 4335 1088 4456 sit,
1094 4336 1174 4412 sacit
1189 4346 1293 4394 natura
1308 4333 1451 4392 mollioris
1513 4321 1519 4353 ³

288 4419 421 4476 ltaliae»
439 4431 493 4478 etc.
