3444 5132
806 327 839 336 ...
858 297 890 353 19
906 327 940 340 .-

289 415 728 508 mensurae-discrepantia,
757 437 838 484 nam
862 414 994 485 Plinius
1017 414 1112 494 addit
1138 442 1154 480 a
1183 415 1285 486 iuxta
1309 417 1451 490 Colum-

288 563 366 612 nam
393 531 541 633 Regiam
560 567 592 626 u,
614 539 648 609 id
673 555 723 610 est
745 555 836 609 certo
863 539 1015 630 quodam
1037 541 1113 608 loco
1142 538 1284 609 latitudo
1307 540 1384 612 freti
1405 559 1455 611 est
1565 607 1567 612 .

292 667 365 736 MD
387 688 573 758 passuum:
591 664 666 756 freti
687 686 768 734 vero
787 665 936 756 spatium
954 663 1048 755 quod
1071 674 1121 734 est
1140 663 1226 734 inter
1244 663 1454 736 Columnam

291 783 431 874 Regiam
457 798 489 851 et
513 784 713 852 Messanam
735 781 893 851 omnium
915 780 1156 851 brevissimum
1180 779 1285 850 fuisse
1309 797 1453 868 constat,

289 906 335 976 ita
356 923 397 974 ut
419 906 447 976 is
471 929 575 996 quem
603 905 757 1000 Isidorus
781 905 953 998 exscripsit
975 928 1046 978 non
1078 905 1260 976 minimam
1281 905 1357 974 freti
1381 906 1455 976 lati-

289 1028 443 1101 tudinem
469 1029 678 1100 indicaverit.
693 1029 855 1101 Ceterum
873 1029 948 1099 fieri
968 1051 1037 1100 non
1051 1045 1161 1122 potest
1177 1027 1260 1120 quin
1275 1027 1454 1112 miremur,

290 1154 383 1242 quod
407 1153 564 1224 nonnulli
581 1168 710 1223 veteres
729 1145 909 1246 scriptores
928 1153 1142 1223 latitudinem
1161 1151 1265 1226 Siculi
1285 1143 1360 1222 freti
1382 1151 1455 1222 MD

290 1297 456 1368 passuum
466 1279 519 1348 vel
528 1276 598 1348 XlI
615 1277 803 1348 stadiorum
824 1269 927 1347 luisse
944 1269 1168 1365 tradiderin'r3
1187 1277 1284 1347 sit'ea
1298 1277 1455 1347 omnium

292 1401 448 1490 minima,
474 1401 616 1472 minime
640 1397 812 1473 concilia'ri
831 1417 941 1494 potest
959 1425 1036 1472 cum
1057 1401 1223 1472 hodierna
1240 1401 1324 1471 freti
1341 1400 1454 1471 latitu-

293 1523 387 1595 dine:
414 1501 601 1595 secundum
622 1525 790 1598 Steinium
810 1528 860 1616 (1)
884 1525 976 1596 enim
1002 1527 1146 1599 minima
1166 1541 1215 1596 est
1236 1525 1359 1615 trium„
1379 1548 1453 1595 ma-

206 1711 210 1720 ,
293 1649 383 1718 xima
407 1649 525 1720 decem
557 1652 595 1719 M
626 1673 793 1742 passuum
823 1650 1026 1740 italicorum,
1053 1650 1112 1741 qui
1144 1651 1215 1720 fere
1250 1650 1456 1742 respondent

294 1772 513 1864 antiquorum
536 1773 712 1866 pussibus,
741 1773 786 1842 ita
813 1789 852 1842 ut
878 1773 1031 1844 Isidorus
1055 1796 1126 1844 non
1149 1795 1279 1845 errasse
1302 1771 1456 1843 videatur

258 1925 268 1942 ·
294 1895 398 1966 trium
423 1896 569 1967 millium
592 1899 667 1968 freti
691 1898 905 1969 latitudinem
931 1897 1091 1970 referens.

342 2021 416 2089 lam
453 2041 534 2090 vero
566 2042 653 2112 quae
683 2023 775 2113 apud
807 2021 982 2092 Isidorum
1010 2037 1200 2112 sequuntur
1236 2049 1251 2084 a
1275 2019 1456 2115 sabulosis

227 2121 231 2130 ¹
297 2143 425 2238 infame
455 2145 637 2226 monstris,
673 2146 772 2216 auius
805 2147 884 2217 hinc
921 2147 1000 2218 inde
1028 2145 1147 2242 Scylla
1188 2155 1221 2215 et
1259 2145 1457 2242 Charybdis

297 2269 534 2340 ostenditur»
570 2271 758 2342 secundum
793 2271 965 2342 Kritzium
995 2271 1255 2342 adnumeranda
1288 2285 1368 2340 sunt
1400 2269 1453 2360 iis,

296 2416 383 2485 quae
410 2421 425 2458 «
446 2411 521 2464 tum
547 2395 710 2466 orationis
732 2396 845 2466 forma
869 2413 943 2468 tum
968 2396 1042 2490 ipsa
1065 2419 1180 2466 rerum
1206 2394 1414 2488 expositione
1438 2424 1453 2458 u

296 2540 366 2586 non
388 2515 600 2606 Sallustium,
626 2519 687 2590 sed
717 2518 894 2591 «serioris
922 2519 1040 2590 aetatis
1068 2519 1368 2612 grammaticum»
1400 2540 1456 2587 ar·
1561 2607 1562 2612 ἵ

212 2666 214 2671 ·
267 2625 271 2634 ¹
296 2659 416 2734 guunt»
441 2643 714 2715 Grammaticum
738 2663 826 2716 certe
844 2668 915 2715 non
930 2646 1092 2738 produnt,
1108 2663 1190 2715 nam
1203 2646 1296 2738 apud
1316 2645 1458 2714 Florum

219 2824 221 2828 .
297 2767 332 2836 in
351 2765 432 2857 epit.
459 2791 487 2855 1,
515 2768 555 2836 18
574 2769 638 2838 tria
657 2769 772 2860 priora
785 2769 887 2839 verba
907 2769 952 2838 ita
970 2786 1122 2840 exstant:
1148 2795 1163 2832 u
1178 2769 1292 2862 Appio
1307 2767 1457 2838 Claudio

298 2887 434 2958 consule
450 2889 608 2980 primum
621 2873 764 2984 ¹fretum
784 2891 966 2984 ingressus
985 2902 1036 2976 est
1062 2890 1279 2987 sabulosis
1308 2875 1459 2985 infame

299 3012 495 3082 monstris
527 3025 689 3107 aestuque
719 3014 906 3087 violentum
934 3045 950 3080 u
979 3033 1184 3112 etc.·‚¹quae
1207 3015 1346 3108 quidem
1369 3013 1460 3084 unde

297 3136 400 3227 petita
424 3136 491 3206 sint
513 3159 583 3207 non
612 3154 760 3228 constat,
788 3139 881 3210 Flori
912 3155 1026 3210 tamen
1052 3162 1091 3208 ea
1115 3163 1185 3210 non
1209 3163 1281 3210 esse
1303 3155 1457 3231 apparet.

342 3261 461 3330 Restat
482 3277 520 3330 ut
542 3283 748 3354 quaeramus
772 3264 814 3333 de
838 3261 976 3333 nomine
997 3261 1119 3355 Rhegii
1142 3263 1187 3332 ad
1212 3261 1367 3334 Siculum
1389 3260 1459 3331 fre·

298 3402 372 3457 tum
397 3388 514 3458 relator
547 3387 632 3476 Qua
655 3389 690 3458 in
715 3411 751 3458 re
773 3388 1028 3462 assentiendum
1057 3412 1130 3459 esse
1153 3386 1287 3458 videtur
1312 3386 1458 3475 Kritzio‚
1526 3423 1527 3426 ¹

299 3512 357 3602 qui
380 3511 475 3581 urbis
499 3534 625 3582 nomen
647 3512 735 3582 falso
759 3514 803 3583 ad
822 3513 947 3584 fretum
968 3513 1181 3584 transtulisse
1208 3513 1381 3584 Isidorum
1401 3510 1458 3582 aii.
1518 3595 1523 3602 β

300 3637 341 3706 ln
373 3637 520 3708 tenebris
555 3653 669 3708 tamen
705 3639 962 3731 quodammodo
988 3659 1166 3710 versamur
1194 3662 1304 3731 neque
1334 3654 1462 3708 certam

299 3761 500 3848 sententiam
523 3761 675 3854 proferre
697 3784 894 3855 possumus,
916 3784 997 3832 cum
1019 3779 1151 3854 praeter
1172 3761 1340 3855 oppidum
1361 3761 1456 3831 Rhe-

299 3886 392 3978 gium
408 3887 510 3956 etiam
523 3890 799 3980 promontorium
814 3887 966 3959 eiusdem
978 3887 1127 3958 nominis
1137 3886 1243 3956 fuisse
1256 3901 1386 3956 constet
1398 3888 1459 3976 (2),

301 4063 452 4074 ..σιμ-ιιι..-

335 4149 374 4222 (r)
388 4147 553 4206 Handbuch
568 4147 595 4205 d.
610 4149 808 4225 Geograpltie‚
827 4149 982 4207 bearbeitet
1001 4165 1054 4207 uon
1071 4147 1317 4222 Hirschelnrann,
1336 4145 1464 4222 Leipzig
1482 4197 1483 4200 ,

302 4236 377 4399 Ιὸῗῗ),
394 4228 567 4386 &iiim
587 4330 614 4400 4,
636 4326 665 4382 l:
689 4352 702 4378 a
726 4327 904 4384 Proximum
928 4327 1034 4385 ltaliae
1055 4325 1288 4402 promontorium
1315 4323 1462 4400 Rhegium

297 4410 413 4485 dicitur,
431 4414 496 4472 ideo
509 4415 577 4490 quia
591 4432 699 4493 graece
711 4415 836 4491 abrupta
849 4415 901 4472 hoc
916 4415 1029 4473 nomine
1040 4414 1267 4490 pronuntiantur
1284 4438 1308 4470 »-.
1380 4499 1381 4504 η
1472 4409 1479 4426 ’
