3444 5132
820 353 854 364 ..
870 321 906 376 63
922 352 957 364 ..

185 474 190 492 ι
305 467 338 533 7,
360 463 404 529 42
430 457 463 508 et
486 439 673 508 maximam
697 457 829 530 partem
845 439 930 510 item
948 439 1144 508 tria1228
1163 441 1469 530 c.,1siu.V31,5
1535 497 1538 518 ,

304 566 355 655 [o]
380 581 411 632 et
429 565 519 632 xm
555 586 607 645 ιο,
646 585 699 630 12.
723 561 873 630 1150c.
897 561 979 631 ma.
1012 563 1063 630 rx
1088 585 1120 650 2,
1144 564 1202 632 oa.
1228 565 1317 632 xm
1351 547 1414 635 186
1439 589 1469 636 c.

304 688 387 756 lsid.
418 688 472 755 Ill
499 673 565 776 7o{
598 687 661 755 8...
691 685 923 776 Agnoscimus
956 686 1058 777 igitur
1077 687 1251 757 Isidorum
1276 690 1470 780 explicatio-

304 809 405 880 nibus
419 811 669 890 uocabulorum
688 831 706 878 e
722 809 858 877 scholiis
873 808 984 899 petitis
997 832 1055 878 eos
1074 797 1193 901 poetae
1212 813 1305 880 locos
1325 815 1370 881 ad
1385 836 1472 902 quos

301 935 376 1004 illae
400 933 636 1024 explicationes
654 931 861 1024 pertinerent
882 934 975 1002 haud
995 955 1074 1001 raro
1090 933 1274 1022 addidisse,
1303 935 1423 1005 deinde
1444 937 1472 1004 si

304 1080 360 1126 res
386 1057 489 1126 ferret
514 1055 683 1123 adiecisse
709 1055 879 1143 quaedam
912 1071 971 1122 aut
993 1053 1133 1144 proprio
1162 1056 1274 1126 Marte
1298 1057 1474 1148 conposita

303 1196 363 1248 aut
378 1179 518 1246 aliunde
544 1176 697 1244 deriuata
730 1177 960 1245 memoriaeue
991 1178 1207 1246 haerentia...
1245 1181 1297 1246 Ea
1322 1202 1410 1268 quae
1437 1181 1472 1248 in

303 1301 433 1370 scholio
451 1295 496 1369 ad
516 1301 531 1368 Ι
548 1325 566 1390 7
584 1302 740 1391 leguntur
759 1299 864 1368 ‘Pila
879 1311 962 1370 sunt
975 1321 1076 1370 armo
1093 1301 1288 1370 iaculorum
1303 1314 1406 1393 atque
1421 1316 1471 1373 te-

301 1427 418 1496 lorum
437 1446 458 1493 a
479 1424 671 1514 torquendo
702 1422 756 1491 uel
774 1423 964 1522 emittendo
983 1433 1107 1492 uocata
1125 1423 1133 1442 '
1154 1425 1327 1529 cemimus
1339 1403 1340 1408 Ἰ
1354 1426 1472 1508 referri

302 1551 346 1619 ab
366 1549 500 1620 Isidoro
519 1546 640 1615 XVlll
662 1569 734 1636 7‚9
757 1545 871 1615 ‘Pila
889 1559 971 1616 sunt
990 1568 1091 1615 arma
1112 1548 1137 1615 i.
1163 1570 1196 1616 a.
1220 1559 1246 1616 t.
1274 1571 1307 1617 a.
1331 1562 1357 1618 t.
1378 1572 1411 1620 a.
1440 1573 1469 1619 e.
1539 1635 1540 1638 Ἴ

304 1697 339 1756 a.
359 1674 412 1741 De
430 1671 555 1762 qur'bas
580 1673 745 1739 Lucanus
765 1670 848 1762 (17)
876 1671 1014 1762 ‘Signa
1035 1693 1142 1762 pares
1168 1673 1307 1761 aquilas
1339 1685 1373 1742 et
1394 1673 1472 1764 pila

189 1812 191 1821 ⁴
303 1796 476 1867 minantia
492 1794 580 1886 pilis
598 1795 620 1862 '.
644 1794 755 1862 Cuius
773 1795 957 1887 singulare
969 1795 1084 1886 pilum
1103 1795 1242 1865 dicitur
1257 1796 1280 1864 '.
1306 1796 1472 1884 Quorum

304 1921 491 1988 uerborum
515 1941 602 2008 quae
626 1934 775 1987 extrema
794 1934 874 1987 sunt
893 1919 1020 1987 habent
1033 1936 1171 2011 propter
1191 1920 1284 2008 quod
1299 1937 1469 1990 notentur.

306 2042 458 2111 Isidorus
489 2041 581 2108 enim
612 2041 669 2108 illo
699 2041 793 2130 quod
816 2022 862 2108 ux¹
887 2063 1004 2109 uxsrrs
1035 2058 1085 2109 est
1116 2042 1224 2133 capite
1256 2043 1472 2134 explicandas

304 2186 406 2233 uoces
430 2162 593 2254 singulari
612 2186 757 2232 numero
789 2186 911 2233 omnes
936 2165 1077 2255 protulit
1103 2165 1248 2256 exceptis
1274 2189 1361 2257 quae
1393 2185 1474 2236 sunt

307 2289 465 2358 ‘trudes’
495 2304 527 2356 et
555 2289 751 2357 ‘uenabula
767 2289 787 2376 '‚
814 2310 900 2381 quas
932 2311 1013 2356 cum
1036 2311 1153 2358 earum
1177 2289 1433 2380 explicationem
1455 2316 1473 2360 e

301 2412 504 2482 commentis
520 2412 554 2480 in
575 2387 762 2502 Vergilium
783 2429 974 2503 excerperet
1000 2413 1124 2497 [trudis
1142 2413 1400 2504 explicationem
1428 2416 1473 2484 ab

303 2537 436 2605 lsidoro
467 2535 520 2617 18,
541 2559 576 2624 7,
596 2535 615 2603 3
640 2535 800 2604 traditam
819 2536 912 2625 apud
936 2535 1134 2603 scholiastes
1158 2535 1194 2604 in
1213 2537 1400 2627 Vergilium
1421 2537 1474 2607 in-

250 2747 255 2758 ,
302 2661 417 2730 venire
440 2681 511 2727 non
529 2658 640 2750 potui]
661 2658 783 2726 eodem
806 2658 911 2726 modo
930 2659 1054 2743 plurali
1073 2681 1221 2726 numero
1245 2659 1473 2751 transscripsit
1505 2713 1506 2718 .

302 2803 371 2870 quo
393 2781 484 2870 ‘pila
504 2782 512 2811 ’
538 2804 556 2848 e
579 2779 781 2851 Lucaniano
801 2778 944 2848 scholi0.
968 2779 1074 2866 Quae
1096 2782 1142 2848 ad
1156 2782 1205 2849 Vl
1226 2782 1296 2872 689
1315 2781 1358 2850 de
1373 2781 1473 2873 strige

199 2961 202 2966 .
302 2902 502 2971 scholiastes
518 2902 600 2970 dixit
615 2909 625 2941 ‘
646 2901 753 2971 Strix
773 2912 945 2970 nocturna
957 2902 1038 2970 auis
1057 2901 1182 2971 itabens
1200 2926 1319 2972 nomen
1332 2905 1374 2994 de
1389 2927 1473 2974 sono

303 3021 410 3090 uocis.
428 3021 565 3112 quando
584 3021 673 3090 enim
693 3022 834 3110 clamat,
855 3022 986 3092 stridet
1002 3022 1011 3040 ’
1037 3040 1237 3114 repetuntur
1255 3023 1337 3095 item
1356 3025 1473 3096 addito

304 3143 436 3212 Lucani
456 3144 530 3212 loco
549 3145 642 3234 apud
663 3144 837 3213 Isidorum
855 3145 925 3213 XII
947 3169 980 3236 7,
1001 3167 1046 3234 42
1070 3145 1204 3214 ‘Strix
1219 3169 1253 3215 n.
1269 3170 1303 3216 a.
1325 3149 1359 3216 l.
1381 3171 1415 3216 n.
1432 3150 1474 3217 de

247 3335 255 3338 ,
301 3289 330 3334 s.
345 3289 378 3335 u.
396 3289 430 3357 q.
452 3288 480 3334 e.
493 3288 522 3335 c.
538 3289 568 3334 s.
585 3267 627 3336 de
641 3290 709 3358 qua
723 3269 884 3336 Lucanas
898 3267 962 3355 (Vl
974 3267 1059 3359 689)
1077 3267 1180 3357 Quod
1197 3270 1355 3361 trepidas
1370 3269 1470 3355 babo,

303 3390 397 3481 quod
413 3389 513 3458 strix
530 3402 703 3460 nocturna
727 3393 945 3482 queruntur‘
965 3409 998 3460 et
1016 3393 1051 3461 ni
1070 3392 1169 3460 fallor
1185 3393 1230 3460 de·
1253 3416 1334 3461 suae
1355 3395 1473 3462 aetatis

304 3514 542 3604 superstitione
556 3512 693 3583 additur
706 3515 751 3583 ab
767 3513 825 3582 illo
846 3519 856 3555 ‘
876 3517 973 3584 Haec
986 3515 1066 3584 auis
1077 3515 1186 3606 uulgo
1204 3515 1342 3585 dicitur
1359 3536 1473 3584 amma

302 3638 344 3706 ab
367 3639 517 3708 amando
530 3637 716 3730 paruulos,
739 3640 827 3708 unde
846 3650 879 3707 et
904 3638 958 3707 lac
977 3638 1145 3730 praebere
1165 3640 1298 3732 sertur
1330 3661 1472 3709 nascen-

305 3760 399 3829 tibus
418 3761 439 3829 '.
463 3760 533 3845 [Cf.
551 3760 654 3832 Ovid.
677 3760 754 3830 last.
777 3763 811 3848 6,
837 3762 913 3853 139.
938 3783 1022 3848 140:

523 3919 576 3970 Est
588 3919 646 3969 t'tlis
660 3919 791 3985 strigibus
806 3934 906 3972 nomen.
922 3919 970 3970 sed
986 3920 1100 3971 nominis
1115 3919 1194 3970 huius

553 3999 648 4076 causis,
665 4012 736 4078 quod
751 4013 886 4066 horrenda
902 4013 1018 4066 stridere
1035 4020 1112 4066 nocte
1127 4014 1224 4065 solent.

305 4124 395 4193 Plin.
417 4148 452 4195 n.
474 4127 510 4194 h.
538 4150 591 4216 11,
613 4128 697 4196 232:
727 4155 743 4191 u
766 4127 978 4198 Fabulosum
1004 4129 1094 4199 enim
1118 4131 1284 4200 arbitror
1311 4133 1353 4202 de
1380 4131 1471 4201 stri-

298 4246 409 4338 gibus
428 4248 534 4318 'ubera
554 4271 612 4318 eas
629 4249 819 4343 infantium
839 4251 953 4320 labris
973 4252 1168 4344 inmulgere
1188 4257 1240 4341 s].
1258 4292 1301 4307 --
1315 4253 1474 4324 Tertium

307 4368 464 4463 scholion
481 4387 532 4439 est
546 4370 630 4442 illud
643 4373 687 4442 ad
708 4375 724 4442 1
743 4375 812 4444 625
828 4377 1020 4444 ‘omentum
1039 4375 1378 4467 membranumquod
1391 4399 1472 4456 coa,-
