3444 5132
753 325 756 330 ·
813 337 849 350 -
866 307 902 366 aa
920 337 953 350 -

303 431 400 500 docia
422 429 535 522 egerit.
566 429 658 498 Nam
683 427 847 496 Lucullus
865 445 943 519 post
969 408 1369 523 pugnamCyzicenam,
1397 453 1467 523 qua

304 552 434 622 Pontici
454 551 540 644 regis
554 554 669 638 copias
688 569 778 622 terra
797 553 952 642 marique
966 551 1074 644 tregit,
1102 568 1234 645 recepta
1256 553 1415 646 Bithynia
1432 571 1473 624 et*

302 675 545 768 Paphlagonia,
566 698 645 746 cum
670 677 822 747 Pontum
847 699 984 768 quoque
1010 677 1201 762 invasisset,
1228 677 1465 754 Mithridatem

301 801 431 888 proelio
442 800 535 893 apud
548 799 674 901 Cabira
684 798 853 870 civitatem
867 799 994 870 victum
1008 803 1152 892 regnum
1165 800 1355 892 relinquere
1364 818 1466 893 atque
1574 879 1578 885 ,

300 925 379 1018 fuga
397 925 542 994 salutem
560 939 672 1016 petere
690 923 809 1014 coegit.
835 916 911 1012 Qui
938 944 1018 992 cum
1041 945 1061 992 a
1085 924 1247 1016 Tigrane,
1279 925 1466 998 Armeniae

301 1069 391 1138 rege,
410 1065 584 1140 susceptus
600 1066 699 1136 esset,
723 1047 860 1140 Appius
875 1047 1019 1118 Clodius
1030 1048 1249 1128 ¹llllithridatis
1263 1048 1465 1142 exposcendi
1507 1104 1510 1110 a

299 1195 401 1243 causa
419 1171 545 1240 missus
571 1187 639 1258 est,
660 1170 790 1242 iniectis
807 1187 923 1242 tamen
932 1173 1044 1242 rebus
1065 1194 1145 1243 cum
1168 1189 1255 1242 esset
1279 1193 1462 1264 regressus,

302 1295 465 1365 Lucullus
476 1295 602 1366 bellum
622 1311 740 1366 contra
756 1279 941 1388 Tigranem
956 1295 1068 1365 moliri
1091 1296 1212 1404 coepit.
1229 1273 1410 1368 Omnibus
1421 1295 1473 1366 ad-

300 1417 334 1486 id
365 1417 588 1510 comparatis,
629 1446 644 1482 a
674 1441 776 1511 quam
813 1418 988 1487 maxumis
1012 1416 1203 1488 itineribus
1222 1435 1288 1512 per
1318 1403 1464 1510 regnum
1524 1494 1528 1500 ,

300 1540 556 1631 Ariobarzanes
579 1542 755 1612 contendit
779 1521 964 1635 adflumen
984 1541 1213 1638 Euphratem,
1229 1564 1297 1634 qua
1317 1540 1464 1636 inparte

301 1660 519 1756 Cappadocia
538 1662 581 1732 ab
596 1664 763 1752 Armenia
782 1663 1009 1756 disiungitur
1029 1655 1068 1754 u,
1084 1639 1120 1734 ut
1142 1663 1216 1754 ipse
1235 1635 1415 1736 Sallustius
1430 1665 1464 1736 in

303 1784 463 1857 Historiis
483 1787 647 1880 scriptum
662 1787 797 1880 reliquit
810 1787 956 1880 (fragm,
972 1810 1011 1857 ro
1026 1787 1084 1859 lib.
1100 1788 1150 1857 lV
1160 1787 1253 1880 apud
1265 1787 1463 1880 Kritzium)3

300 1935 360 2006 per
387 1912 643 2006 Cappadociam
667 1913 779 2007 igitur,
805 1914 859 1983 cui
873 1913 1071 2005 praelectus
1098 1929 1170 1984 erat
1194 1897 1461 2002 Ariobarzanes,

300 2037 489 2129 profectum
508 2059 581 2107 esse
618 2037 804 2106 Lucullum
820 2053 858 2104 ut
892 2037 1105 2128 Euphratem
1131 2015 1279 2118 fiuvium
1300 2038 1465 2118 transiret

299 2161 392 2252 apud
408 2160 591 2230 Melitenen
602 2160 724 2229 urbem
742 2177 823 2230 etex
838 2159 998 2260 Sallustio
1012 2159 1178 2251 colligitur
1192 2174 1252 2228 ete
1266 2155 1463 2230 Memnonis

299 2286 338 2352 τὰ
352 2286 424 2366 περὶ
433 2284 621 2366 Ἡράκλειαν
633 2284 738 2378 (apud
759 2265 921 2352 Photium
939 2303 1008 2370 224
1025 2300 1060 2374 p.
1086 2282 1154 2371 238
1174 2282 1227 2352 ed.
1256 2275 1373 2370 Beckss)
1397 2282 1461 2372 (Ι).

301 2407 342 2476 ln
369 2407 422 2476 his
436 2407 538 2476 rebus
559 2381 764 2476 enarrandis
787 2391 986 2480 Sallustium
1004 2397 1054 2476 de
1058 2404 1317 2497 Cappadociae
1342 2422 1464 2490 natura

192 2547 194 2557 ’
299 2528 529 2619 atqueincolis
544 2529 690 2602 similem
708 2525 951 2638 digressionem
976 2521 1099 2619 'quarto
1125 2526 1357 2620 Historiarum
1376 2529 1464 2603 libro
1502 2522 1504 2529 ¹

210 2681 237 2726 ,·
300 2675 492 2741 inseruisse,
504 2652 640 2743 qualem
649 2652 724 2723 alus
735 2652 867 2722 locrsde
877 2672 963 2722 marr
954 2651 1131 2744 Pontico,
1144 2651 1185 2738 de
1197 2652 1460 2744 Mesopotamia,
1500 2713 1504 2722 ,

298 2777 340 2844 de
357 2775 525 2846 Armenia
547 2792 649 2866 atque
659 2777 701 2846 de
723 2775 799 2846 alus
809 2774 1018 2866 quibusdam
1039 2776 1227 2885 terriseum
1241 2772 1359 2846 fecisse
1378 2798 1461 2846 con

298 2917 375 2988 stat,
393 2899 474 2970 satis
496 2916 546 2970 est
548 2881 751 2994 probabile.
775 2901 825 2969 At
847 2899 946 2969 video
961 2868 1222 2973 Sallustianum
1235 2899 1463 2992 fragmentum
1493 2875 1506 2994 Ἰ

116 3056 120 3063 ·
203 3058 207 3072 ·
297 3024 543 3094 commentario
569 3024 613 3094 ad
640 2999 833 3122 Lucanum
848 3023 947 3093 nobis
976 3039 1147 3119 servatum
1171 3047 1213 3092 ex
1247 3052 1262 3086 α
1291 3021 1463 3096 hi'stomae

176 3191 177 3196 κ
296 3149 390 3218 libro
404 3147 462 3217 Ill
470 3179 483 3212 »
506 3147 613 3236 citari,
635 3169 741 3239 quam
760 3147 805 3216 ob
814 3133 955 3254 causam
971 3167 1041 3238 non
1055 3162 1176 3243 quarto
1190 3145 1250 3216 ‘sed
1267 3148 1366 3220 tertio
1376 3143 1462 3220 libro
1478 3223 1480 3228 ,
1505 3213 1508 3222 ,

265 3355 267 3360 ,
297 3271 497 3345 Sallustium
515 3272 559 3346 de
575 3259 795 3366 Cappadocia
807 3271 915 3362 egisse
935 3269 1119 3340 existimari
1133 3270 1250 3361 possit
1271 3270 1363 3339 Cum
1381 3266 1473 3340 vero.
1587 3255 1592 3264 ¹

298 3393 490 3468 Fridericus
511 3395 620 3484 Krim,
638 3394 717 3485 qui
711 3393 815 3466 totius
834 3383 1035 3494 Sallustiani
1054 3391 1184 3486 operis
1168 3387 1341 3464 indolem
1360 3411 1462 3486 atque

296 3519 493 3590 historicam
511 3517 770 3610 dispositionem
794 3517 921 3609 optime
940 3517 1095 3629 eiposuit
1113 3537 1193 3588 cum
1206 3509 1240 3586 in
1264 3545 1280 3581 «
1298 3502 1461 3630 Epistola
1509 3553 1515 3562 ·

295 3640 422 3711 crittca
444 3643 491 3709 ad
514 3639 705 3710 Ernestum
737 3615 1036 3714 Wuestemamrum
1056 3671 1096 3721 s,
1133 3659 1295 3740 quaeest
1325 3623 1462 3770 praela-
1476 3623 1480 3632 ¹

294 3765 394 3836 tionis
420 3763 523 3834 loco
515 3767 632 3852 mvol.
663 3765 716 3836 llI
737 3788 819 3860 opp
845 3765 992 3856 Sallusti
1003 3759 1156 3864 (Lipsiae
1187 3767 1304 3856 1853),
1324 3782 1399 3836 tum
1415 3763 1461 3836 in

294 3885 570 3956 adnotationibus
584 3888 628 3958 ad
638 3887 770 3980 singula
785 3888 986 3978 fragmenta,
1000 3905 1032 3959 et
1043 3905 1161 3980 postea
1176 3889 1308 3992 denuo
1300 3911 1335 3957 m
1347 3883 1468 3958 libello

295 4009 354 4102 qui
372 4005 571 4079 inscribitur
599 4037 613 4073 u
630 4009 697 4080 Die
715 4010 970 4114 Fragmenta
955 4014 1015 4086 des
1033 4011 1182 4091 Sallust
1156 4022 1273 4082 tueu
1282 3987 1462 4104 georatuet

297 4195 462 4212 ——u——u—-*

331 4321 339 4391 l
346 4320 399 4391 r)
386 4325 617 4396 «Λεύκολλοςδὲ
634 4326 671 4397 εἰς
690 4328 745 4396 rhu
763 4273 959 4382 Kaaaaborclnu
979 4323 1120 4394 ἐληλυθὼς
1145 4274 1190 4378 rial
1207 4321 1290 4390 φίλον
1314 4301 1390 4390 ἔχων
1407 4285 1475 4382 τὸνΙ
1515 4388 1517 4396 1

294 4411 454 4478 ἐπάρχοντα
463 4412 571 4480 ταύτης
578 4403 797 4482 Ἀριοβαρῐάνήν
807 4411 882 4479 διέβη
892 4429 924 4467 ,τε
934 4413 1011 4479 παρὰ
1022 4397 1106 4466 aaran
1118 4411 1186 4479 τὲέζῃ
1198 4409 1250 4466 τὸν
1264 4410 1458 4478 Εὐφράτην»
