3444 5132
825 315 858 330 .-
875 287 909 342 57
926 316 960 328 ..-

316 435 331 471 a
351 408 462 500 lugu·
477 428 605 499 graece
624 405 720 475 dixit
729 428 743 485 ;
761 406 840 484 Ζυγὰ
852 405 947 498 enirn
966 405 1089 474 dicunt
1109 427 1195 497 quae
1225 418 1385 478 transtra
1418 431 1478 479 no-

312 538 530 607 minumus».

296 681 299 688 ’
398 659 629 750 c)Orig.19,
662 656 714 738 28,
745 677 785 742 4:
820 682 836 716 a
861 652 982 722 Scalae
1001 653 1043 722 ab
1076 655 1270 725 scandendo
1312 667 1473 745 uocatae,

312 787 453 854 haerent
472 781 562 852 enirn
572 777 772 873 parietibus
784 806 816 846 u.
829 776 943 846 Verba
962 806 976 840 a
999 778 1141 846 haerent
1152 777 1241 845 enim
1250 777 1450 870 parietibus
1461 810 1474 842 u
1497 788 1502 808 ¹

310 905 437 999 Vergili
461 908 566 995 (Aen.
600 926 640 988 2,
668 923 755 990 442:
782 902 959 970 «haerent
986 900 1185 993 parietibus
1208 900 1320 969 scalae
1339 904 1380 990 a)
1405 924 1478 970 esse
1585 983 1589 990 Ι

220 1102 231 1122 .,
298 1029 447 1100 'monuit
464 1027 629 1114 Grialius‚
656 1026 715 1116 qui
739 1048 778 1094 ea
806 1039 859 1093 ‹e‘e
878 1023 1031 1116 margine
1051 1024 1264 1115 immigrasse
1284 1052 1299 1087 a
1327 1025 1476 1116 putavit3

205 1175 208 1184 ’
247 1217 248 1222 ,
312 1153 508 1245 accipienda
532 1174 571 1220 ea
594 1150 708 1243 potius
732 1165 897 1238 tanquam
921 1147 1085 1218 indicium
1116 1141 1383 1237 videntur'essu
1411 1149 1475 1218 Isi-

315 1278 516 1347 dorumhoc
541 1277 614 1345 loco
638 1273 835 1343 adhibuisse
857 1289 953 1342 vetus
975 1271 1128 1342 scholion
1149 1271 1192 1348 ad
1214 1273 1305 1339 Aen.
1331 1293 1363 1359 2,
1393 1292 1474 1358 442,

315 1402 349 1472 in
368 1423 437 1493 quo
462 1399 591 1489 reliqua
610 1420 746 1490 quoque
766 1397 869 1466 simili
891 1397 994 1465 modo
1010 1396 1219 1488 legebantur.

399 1525 436 1613 d)
457 1522 641 1615 Originum
660 1523 764 1592 verba
790 1544 846 1610 20,
870 1544 923 1608 10,
940 1522 982 1590 6:
1013 1549 1027 1583 a
1043 1522 1194 1612 Lampas
1196 1521 1346 1612 stamma
1370 1530 1420 1588 est
1441 1520 1476 1588 in

193 1687 197 1696 .
310 1647 438 1718 uertice
456 1646 583 1730 lucens,
608 1645 704 1715 dicta
720 1647 813 1737 qnod
835 1644 1017 1714 lambentis
1052 1654 1182 1713 motum
1217 1644 1396 1712 ostendere
1422 1643 1475 1713 ni-

309 1771 436 1840 deatur
459 1797 474 1834 »
493 1767 593 1838 simili
622 1767 765 1836 fortasse
793 1768 898 1836 modo
926 1767 1018 1858 apud
1048 1767 1274 1836 scholiastam‘
1293 1790 1384 1836 nunc
1414 1769 1473 1838 de-

315 1892 485 1987 perditum
504 1893 679 1962 exstabant
697 1891 741 1959 ad
758 1893 849 1960 Aen.
875 1913 907 1980 2,
929 1890 1015 1979 684‚:
1034 1890 1093 1960 ubi
1109 1907 1209 1984 poeta
1228 1892 1272 1960 ad
1281 1893 1476 1983 portentum
1501 1957 1507 1963 .

313 2017 396 2088 illud
420 2015 614 2109 respiciens,
641 2016 734 2105 quod
752 2015 871 2087 Servio
895 2015 1011 2084 Tullio
1027 2014 1140 2084 adhuc
1159 2017 1302 2107 parvulo
1321 2015 1475 2086 futurum

296 2141 499 2211 enuntiavit
523 2160 679 2230 regnum,
701 2139 747 2207 ait
766 2142 811 2228 (v.
829 2137 1020 2226 682-684):

558 2313 617 2352 ecce
633 2300 698 2350 leuis
713 2313 815 2350 summo
831 2299 863 2349 de
878 2299 977 2351 vertice
993 2301 1065 2350 visus
1081 2301 1134 2351 Iuli

554 2394 671 2460 sundere
689 2396 772 2447 lumen
789 2409 861 2461 apex
878 2401 1004 2462 tactuque
1021 2396 1133 2448 innoxia
1149 2397 1238 2448 mollis

558 2492 673 2544 lambere
684 2491 799 2558 flamma
815 2507 905 2544 comas
922 2500 950 2543 et
965 2493 1065 2546 circum
1084 2499 1203 2560 tempora
1215 2493 1300 2560 pasci.

395 2627 425 2713 e)
454 2623 534 2691 Huc
556 2643 695 2713 quoque
711 2624 879 2712 pertinere
898 2623 1030 2692 videtur
1051 2624 1145 2692 locus
1166 2620 1370 2712 Isidori‘10‚
1395 2647 1471 2712 104:

311 2776 326 2809 a
346 2747 473 2818 Fictor
490 2747 683 2839 appellatus
707 2749 908 2840 afingendo
928 2761 961 2818 et
976 2748 1205 2838 componendo
1214 2747 1364 2839 aliquid,
1381 2749 1474 2817 sicut

307 2871 369 2962 qni
387 2870 531 2962 capillos
563 2870 750 2940 mulierum
783 2870 867 2940 linit
895 2883 929 2939 et
956 2882 1172 2963 pertractat,
1201 2873 1332 2964 unguit
1356 2885 1389 2943 et
1417 2873 1471 2941 ni-

308 2994 402 3065 tidat
420 3022 451 3062 u.
478 2993 534 3062 Cf.
555 2993 651 3065 Serv.
674 2996 717 3064 ud
740 2997 829 3064 Aen.
852 3016 886 3083 4,
915 2995 994 3081 148:
1026 2994 1230 3086 «Fingens,
1258 3017 1469 3089 componens,

307 3127 362 3185 ut:
383 3116 434 3187 Et
449 3139 599 3210 corpora
608 3118 743 3210 fingere
758 3118 893 3210 lingua.
908 3117 1185 3209 [lmplz'catanro
1193 3142 1208 3199 ;
1222 3141 1289 3188 non
1294 3119 1469 3213 frontem,
1552 3119 1558 3124 “

306 3242 366 3311 sed
385 3243 515 3311 crinem
539 3244 601 3335 qni
619 3254 671 3314 est
690 3243 748 3312 illi
768 3253 965 3312 retrorsum
982 3243 1017 3312 in
1038 3243 1164 3313 nodum
1189 3242 1364 3332 collectus]
1381 3273 1412 3313 u.

382 3367 430 3459 J)
448 3367 547 3460 Pagi
565 3369 656 3460 apud
682 3367 763 3438 Isid.
797 3371 848 3457 15,
868 3391 901 3458 2,
929 3391 970 3457 14
988 3369 1198 3456 explicantur
1217 3386 1249 3438 et
1264 3368 1386 3440 deinde
1417 3373 1469 3454 15,

308 3512 345 3599 2,
364 3492 402 3558 25
420 3491 462 3558 de
476 3490 638 3582 compitis
656 3491 783 3583 agitur3
798 3492 899 3583 Verg.
918 3492 1043 3584 Georg.
1063 3515 1095 3577 2,
1114 3492 1202 3561 382:

487 3650 662 3716 praemiaque
679 3650 791 3717 ingeniis
804 3665 911 3718 pagos
928 3657 957 3704 et
972 3652 1115 3718 compita
1131 3652 1232 3703 circum

495 3747 628 3800 Thesidae
640 3762 768 3814 posuere3

305 3859 485 3931 verisimile
508 3861 607 3953 igitur
635 3880 696 3951 est,
725 3862 759 3932 in
784 3863 920 3934 scholiis
940 3863 1148 3955 quibusdam
1172 3864 1215 3933 ad
1235 3847 1325 3934 hun'c
1351 3882 1470 3956 poetae

304 3985 419 4055 locum
444 3985 630 4078 repperisse
656 3985 829 4056 Isidorum
852 4011 994 4078 eaquae
1018 3989 1051 4079 §5
1082 4010 1134 4076 14.
1158 3991 1196 4056 15
1219 3989 1388 4080 leguntur.
1402 3987 1470 4060 Sed

304 4105 388 4176 nihil
406 4107 554 4178 affirmo:
575 4109 768 4180 coniectura
788 4111 879 4180 enim
900 4112 1019 4181 ordine
1042 4127 1176 4181 tantum
1202 4112 1331 4201 nititur,
1364 4135 1469 4204 quem
1501 4154 1505 4161 -

305 4245 338 4298 et
359 4231 527 4322 Vergilius
550 4232 586 4301 in
601 4235 841 4304 enumerandis
859 4235 955 4327 pagis
970 4251 1002 4304 et
1021 4234 1178 4326 compitis
1193 4236 1337 4306 servavit
1356 4254 1388 4306 et
1403 4237 1467 4305 lsi-

305 4351 409 4420 dorus
433 4354 467 4424 in
487 4356 692 4447 explicandis
713 4358 830 4428 iisdem
851 4358 963 4428 verbis
990 4376 1124 4430 secutus
1147 4377 1208 4429 est.

1424 4537 1435 4570 ⁵
