3444 5132
628 685 678 738 ῠΕ
705 685 733 740 Ῐ.
766 685 992 741 [ΗΟΗΕΤΙΟ
1022 686 1137 741 ΟΑΒΟ

330 969 411 1036 Non
436 990 555 1037 omnes
579 963 732 1038 auctores
751 969 796 1038 ab
819 969 953 1038 Isidoro
984 967 1127 1049 adhibiti
1153 990 1194 1038 ex
1226 989 1347 1036 eorum
1381 989 1448 1036 nu-

287 1112 381 1159 mero
404 1109 495 1180 sunt,
517 1093 576 1182 qui
599 1115 700 1184 prosa
723 1091 877 1162 oratione
903 1091 1130 1183 scripserunt,
1166 1113 1245 1160 cum
1271 1106 1449 1182 poetarum
1554 1145 1555 1150 ,

286 1237 422 1305 quoque
443 1215 628 1307 particulae
648 1237 716 1284 non
735 1239 862 1308 paucae
877 1216 912 1285 in
930 1215 1112 1307 Originum
1133 1216 1228 1286 libris
1242 1212 1448 1304 exstent(1)·‚

282 1341 318 1419 'in
344 1341 465 1431 primis
489 1356 602 1410 autem
629 1343 673 1412 T.
700 1341 835 1410 Lucreti
868 1338 954 1410 Cari
972 1341 1078 1412 libros
1109 1343 1151 1410 de
1182 1364 1299 1411 rerum
1327 1355 1448 1408 natura

228 1451 230 1458 ¹
285 1462 491 1554 compilavit.
520 1455 679 1534 Dubium¹
696 1486 764 1532 non
788 1481 848 1554 est,
870 1461 955 1554 quin
979 1463 1116 1535 Lucreti
1139 1463 1289 1534 carmine
1309 1485 1345 1531 re
1372 1484 1450 1532 vera
1489 1558 1491 1561 Ι

286 1607 368 1654 usus
391 1585 433 1655 sit
459 1585 624 1671 isidorus,
653 1610 763 1678 neque
788 1611 827 1657 ex
854 1611 894 1656 eo
930 1589 1022 1678 quod
1056 1586 1247 1657 Isidoriana
1278 1569 1449 1656 interdum

285 1709 403 1780 nonin
419 1709 579 1780 omnibus
596 1713 823 1803 respondeant
842 1711 1053 1796 Lucretianis
1072 1711 1235 1803 suspicari
1251 1730 1447 1803 possumus,

287 1833 434 1902 eundern
453 1833 647 1904 adhibitum
666 1857 739 1903 esse
758 1852 945 1924 auctorem,
972 1857 1011 1904 ex
1030 1858 1099 1925 quo
1115 1835 1293 1906 Lucretius
1312 1857 1374 1903 sua
1393 1857 1450 1925 pe-

288 1954 409 2025 tiuerit.
433 1957 606 2048 Exemplis
632 1957 725 2026 enim
749 1959 927 2050 probatur,
950 1955 1086 2028 Lucreti
1110 1959 1212 2028 verba
1240 1958 1358 2050 paucis
1384 1957 1448 2026 im-

287 2079 429 2148 mutatis
444 2080 670 2174 inOriginum
685 2080 780 2153 libris
794 2082 1015 2174 transscripta
1024 2097 1165 2172 exstare,
1183 2082 1254 2152 imo
1269 2082 1361 2151 haud
1372 2104 1451 2151 raro
1472 2071 1481 2088 Χ

287 2205 333 2272 ita
356 2227 428 2276 esse
451 2224 597 2298 recepta,
619 2224 656 2275 ut
672 2230 710 2276 ex
734 2207 916 2277 verborum
936 2193 1092 2277 contextu
1117 2187 1209 2280 nunc
1227 2207 1339 2277 statim
1363 2207 1448 2278 exsi-

288 2328 372 2398 liant
393 2329 545 2420 poeticae
571 2329 733 2399 dictiones
760 2347 861 2421 atque
884 2353 1048 2400 versuum
1070 2330 1267 2422 particulae,
1295 2326 1380 2420 quas
1399 2329 1450 2398 in·
1545 2359 1546 2364 ¹

285 2469 395 2544 tegras
420 2453 573 2522 Isidorus
596 2452 636 2523 iis
660 2453 813 2543 inseruit,
836 2477 924 2545 quae
947 2455 989 2524 de
1008 2478 1071 2524 suo
1096 2455 1210 2546 posuit
1234 2455 1348 2523 velex
1377 2454 1448 2522 Lu-

285 2575 442 2646 cretianis
465 2575 637 2646 confinxit.
661 2577 712 2646 lta
732 2577 941 2665 factumest,
967 2592 1004 2644 ut
1032 2577 1085 2664 16,
1109 2598 1165 2664 20,
1194 2599 1203 2643 1
1229 2575 1289 2646 ubi
1307 2575 1350 2645 de
1364 2574 1450 2644 aeris

287 2721 351 2766 usu
375 2721 414 2768 ex
438 2699 596 2771 Lucretio
621 2703 654 2787 5,
687 2699 774 2791 1273
800 2722 876 2790 sqq.
898 2699 1020 2790 agitur,
1047 2721 1128 2769 curn
1144 2697 1212 2768 fere
1231 2699 1348 2768 omnia
1364 2719 1450 2790 quae

221 2811 225 2820 ’
286 2820 332 2890 ibi
355 2823 511 2913 leguntur
534 2844 652 2891 versus
676 2822 821 2916 sapiant,
847 2825 917 2894 duo
935 2823 1021 2891 adeo
1036 2821 1172 2892 Lucreti
1196 2821 1314 2913 integri
1332 2843 1449 2890 versus

286 2947 336 3034 (5,
364 2946 465 3036 1276.
493 2947 595 3038 1277)
618 2933 764 3039 appositi
793 2949 872 3036 sint,
907 2945 1054 3017 auctoris
1086 2947 1224 3018 nomine
1251 2968 1446 3038 suppresso.

289 3067 338 3138 De
363 3069 521 3138 Lucretio
544 3069 645 3161 igitur
670 3069 793 3140 Isidori
813 3071 909 3140 fonte
932 3071 1078 3140 dubium
1103 3093 1176 3139 esse
1199 3091 1269 3139 non
1291 3087 1402 3161 potest
1417 3085 1449 3138 et

285 3190 357 3261 iure
375 3191 445 3261 iam
467 3207 566 3262 antea
591 3191 741 3263 Grialius
764 3193 800 3262 in
818 3192 1097 3263 adnotationibus
1120 3193 1198 3263 hinc
1222 3191 1301 3262 inde
1334 3214 1448 3283 respe-

239 3317 371 3406 thisse
394 3318 438 3416 ad
460 3339 597 3387 carmen
623 3318 664 3386 de
688 3339 803 3387 rerum
827 3335 949 3387 natura
982 3317 1224 3410 Hispalensem
1251 3319 1450 3410 episcopum

284 3441 440 3530 asseruiq
475 3443 719 3514 Lachmannus
750 3466 888 3534 quoque
921 3447 955 3513 in
975 3441 1180 3516 Lucretiano
1204 3445 1450 3516 commentario

285 3564 419 3659 saepius
443 3568 725 3639 commemoravit
743 3565 800 3655 (cl.
823 3570 867 3638 ad
886 3571 920 3654 6,
940 3569 1003 3638 128
1024 3573 1115 3658 etc).

321 3862 358 3934 (ι)
382 3862 577 3920 Inveniuntur
596 3862 733 3936 inprimis
752 3863 865 3938 Vergili
889 3879 1004 3934 versus,
1032 3863 1082 3939 qui
1107 3862 1272 3937 paullulum
1301 3863 1449 3924 immutati

215 3975 217 3980 v
284 3967 389 4025 prosae
407 3951 535 4009 orationi
555 3952 597 4010 ita
615 3951 832 4010 accommodati
851 3961 934 4049 suntq
951 3964 982 4010 ut
1001 3970 1016 4008 a
1036 3951 1160 4025 reliquis
1176 3951 1224 4010 vix
1242 3951 1368 4010 discerni
1381 3970 1449 4028 pos·

284 4039 352 4096 sint.
376 4039 521 4097 Martialis
548 4057 664 4114 quoque
693 4038 876 4114 epigramma
903 4041 958 4110 (14.
980 4039 1023 4110 30)
1050 4039 1181 4098 occurrit
1209 4041 1246 4098 ad
1267 4039 1316 4109 18,
1336 4043 1364 4112 7,
1383 4043 1401 4098 d
1420 4055 1449 4098 et
1525 4067 1532 4085 ·

286 4127 399 4202 Eugeni
419 4127 556 4185 Toletani
575 4125 674 4186 ¹versus
693 4131 794 4198 (carm.
810 4127 910 4197 XXII)
925 4126 1050 4185 adhibiti
1065 4117 1203 4188 uidentur
1218 4130 1260 4202 12,
1274 4127 1299 4202 1,
1312 4129 1356 4188 61.
1376 4129 1448 4186 Car·

284 4213 373 4272 minis
392 4215 518 4289 denique
536 4217 572 4272 de
593 4215 782 4288 ponderibus,
809 4217 889 4292 quod
909 4216 1053 4274 Prisciani
1078 4216 1200 4274 nomine
1223 4215 1449 4274 circumfereba-

285 4315 333 4360 tur
352 4305 410 4377 (Fr.
430 4303 567 4377 Hultsch‚
585 4304 851 4382 Metrologicorum
870 4304 1047 4382 scriptorum
1062 4305 1212 4378 reliquiae,
1231 4303 1348 4382 Lipsiae
1365 4307 1450 4377 1864-

286 4391 321 4452 66
337 4391 396 4450 vol.
421 4394 447 4450 ll
467 4411 495 4467 p.
513 4393 617 4482 Sil-98),
640 4393 799 4456 nonnullos
816 4393 897 4452 locos
911 4392 1063 4468 exscripsit
1081 4393 1264 4470 Hispalensis
1283 4393 1447 4468 episcopus.
