3444 5132
786 359 818 375 ...
835 332 853 388 g
869 360 903 374 ..

403 455 482 532 ignis
495 453 573 510 enim
587 451 667 528 apud
681 451 809 510 Graecas
823 457 881 521 πῦρ
896 450 1059 526 appellatur
1072 451 1109 522 (3,
1123 450 1165 518 12,
1177 449 1216 520 6),

402 568 459 630 πῦρ
473 561 683 635 enimslamma
697 557 874 630 siciturus,
889 557 959 630 129),

402 674 459 738 πῦρ
473 667 551 724 enim
562 665 671 723 elicitur
686 663 765 742 ignis
782 665 836 735 (15,
851 664 892 732 ll,
906 663 942 736 4),

407 779 465 842 πῦρ
477 771 554 828 enim
571 770 650 846 ignis
663 779 707 832 est
721 768 774 841 (16,
789 771 812 835 1,
824 769 869 840 9),

402 921 456 976 lux
468 919 545 976 enim
559 935 669 996 graece
684 923 747 990 φῶς
762 917 872 974 dicitur

404 1033 467 1096 φιῦς
481 1027 558 1085 enim
570 1043 679 1103 graece
691 1025 749 1082 lux
763 1036 806 1082 est

405 1140 468 1203 φῶς
482 1133 559 1189 enim
566 1133 692 1208 flamma
707 1141 750 1188 est
765 1132 819 1202 (17,
831 1133 857 1198 9,
874 1130 943 1202 107),

401 1247 463 1308 φῶς
476 1239 554 1296 enim
569 1237 705 1314 igniscat
722 1239 774 1310 (17,
790 1237 831 1306 10,
846 1239 894 1306 18;
913 1239 954 1309 19,
968 1237 995 1310 6,
1006 1238 1049 1307 5);

916 973 968 1046 (15,
980 973 1008 1041 7,
1020 970 1056 1041 5),

401 1386 469 1462 quia
482 1402 590 1464 graece
604 1389 687 1454 χαμαὶ
701 1383 809 1441 humile
822 1394 865 1442 est
877 1385 960 1448 breue
979 1384 1088 1442 dicitur
1102 1383 1156 1458 (12,
1174 1384 1201 1453 1,
1213 1383 1268 1455 35),

300 1525 303 1529 -
403 1495 486 1562 χαμαὶ
500 1491 579 1548 enim
595 1489 704 1547 Graeci
718 1490 802 1548 breue
816 1489 914 1547 dicunt
928 1489 979 1562 (14,
991 1489 1018 1558 8,
1030 1489 1086 1560 23),

406 1596 514 1654 Graeci
528 1596 607 1653 enim
621 1598 706 1664 χαμαὶ
717 1594 799 1654 breue
812 1594 911 1651 dicunt
927 1595 979 1667 (20,
994 1593 1035 1661 11,
1047 1594 1092 1665 2),

402 1769 506 1810 camur
522 1750 602 1810 enim
614 1767 724 1827 graeco
737 1726 822 1810 veria
835 1767 954 1810 currum
968 1750 1119 1828 significat
1133 1751 1185 1826 (12,
1201 1750 1225 1823 1,
1237 1749 1294 1824 35),

411 1861 518 1930 raucus
531 1858 608 1916 anim
621 1875 729 1934 graece
742 1873 862 1947 curuum
877 1866 919 1915 est
933 1857 985 1930 (15,
999 1855 1082 1928 8,·5);

403 2019 498 2074 κοινὸν
516 2014 592 2072 enim
607 2031 716 2104 graece
730 2031 880 2073 commune
893 2014 1002 2072 dicitur
1017 2015 1070 2090 (15,
1082 2015 1109 2082 4,
1122 2011 1160 2088 6),

405 2123 501 2178 κοινὸν
516 2119 621 2195 quippe
637 2119 744 2176 Graeci
757 2136 906 2179 commune
920 2117 1019 2176 dicum
1033 2118 1086 2210 (20,
1098 2120 1125 2188 2,
1140 2119 1192 2192 14).

311 2281 669 2386 Animadvertendum
696 2293 843 2384 denique
870 2309 931 2378 est,
957 2292 992 2363 in
1018 2292 1311 2386 Etymologiarum
1335 2292 1440 2372 libris¹

265 2419 307 2490 de
330 2420 447 2488 eadem
468 2417 640 2489 interdum
666 2441 702 2488 re
721 2417 772 2489 bis
791 2416 856 2510 agi,
877 2416 923 2488 ita
955 2435 1070 2488 tamen
1097 2434 1134 2486 ut
1157 2421 1334 2511 appareat,
1359 2393 1427 2490 nan

262 2565 302 2614 ex
321 2564 391 2614 uno
419 2558 553 2612 tantum
579 2559 717 2614 auctore
742 2544 864 2630 hausta
890 2564 961 2612 esse
993 2543 1109 2632 verba,
1141 2543 1203 2612 sed
1223 2565 1262 2612 ex
1289 2540 1427 2612 diversis
1523 2577 1528 2585 ·

195 2675 197 2680 '
264 2666 496 2766 scriptoribus
528 2665 668 2738 diversis
702 2666 783 2737 locis
808 2687 912 2738 unam
938 2667 1150 2756 eandemque
1169 2685 1241 2735 rem
1262 2649 1429 2736 similibus

265 2793 351 2866 inter
371 2816 406 2864 se
428 2791 633 2864 verbissesse
651 2793 792 2864 relatam
815 2797 877 2886 (1).
902 2791 990 2866 Sunt
1008 2807 1182 2885 praeterea
1204 2791 1296 2884 apud
1317 2789 1427 2860 Isido-

261 2939 341 2988 rum
362 2917 403 2986 de
422 2917 543 2988 eadem
562 2939 599 2988 re
618 2915 801 2990 sententiae
820 2918 990 3009 quaedam
1008 2917 1095 2988 inter
1116 2941 1151 2988 se
1168 2915 1369 3001 contrariae,
1389 2935 1437 2986 ex,

265 3041 405 3112 diversis
424 3043 619 3118 auctoribus
637 3043 781 3132 petitae,¹
1270 3027 1276 3032 ’

297 3375 336 3444 (1)
357 3372 403 3430 Cf.
424 3372 501 3429 inter
519 3371 576 3430 alia
596 3373 678 3446 Orig.
700 3374 740 3442 16,
759 3373 786 3438 4,
805 3375 823 3431 6
839 3394 851 3422 a
870 3371 1019 3439 Selenites,
1036 3370 1085 3446 qui
1107 3369 1194 3426 latine
1214 3370 1325 3427 lunaris
1340 3372 1428 3429 inter·

257 3470 403 3537 pretatur,
424 3478 457 3517 ea
482 3459 558 3536 quad
580 3460 746 3518 interiorem
768 3461 832 3517 eius
854 3460 1009 3518 candorem
1028 3475 1093 3515 cum
1108 3458 1176 3514 luna
1197 3474 1325 3515 crescere
1346 3470 1430 3536 atque

261 3551 384 3625 deficere
397 3551 498 3620 aiunt,¹
512 3549 653 3626 gignitur
672 3550 700 3606 in
720 3549 844 3607 Persida
863 3575 876 3598 »
896 3567 930 3606 ex
949 3549 1024 3622 Aug.
1041 3550 1077 3604 de
1095 3547 1149 3604 civ.
1166 3547 1213 3604 del
1227 3547 1272 3617 21,
1286 3547 1312 3616 5,
1330 3546 1341 3601 1
1360 3573 1373 3599 «
1394 3549 1428 3606 ln

261 3640 361 3698 eadem
380 3639 503 3696 Perside
520 3639 611 3714 gigni
630 3638 717 3696 etiam
736 3638 865 3713 lapidem
881 3635 1048 3708 selenitem,
1068 3637 1150 3694 cuius
1174 3636 1341 3694 interiorem
1361 3647 1428 3694 can*

259 3730 359 3786 darem
380 3746 445 3785 cum
464 3728 532 3784 luna
551 3743 680 3785 crescere
698 3737 783 3802 atque
801 3726 924 3803 deficere
942 3745 967 3798 »;
991 3725 1073 3799 Orig.
1092 3725 1191 3796 16,10,
1212 3732 1230 3784 7
1254 3751 1267 3776 «
1288 3726 1429 3785 Selenites
1531 3782 1532 3786 ,

260 3816 416 3874 translucet
428 3815 551 3873 candido
566 3815 722 3891 melleoque
737 3815 873 3891 fulgore,
887 3815 972 3871 lunae
992 3814 1152 3890 imaginem
1172 3815 1328 3887 continens,
1343 3832 1429 3892 quam

197 3979 198 3982 Ἴ
259 3907 344 3962 iuxta
358 3899 475 3962 cursum
490 3903 565 3960 astri
580 3904 658 3960 illius
669 3903 822 3979 pernibent
837 3903 865 3960 in
880 3903 942 3960 dies
956 3903 1089 3978 singulas
1105 3903 1198 3960 minui
1210 3913 1295 3980 atque
1309 3905 1425 3980 augeri.

259 3993 406 4052 Nascitur
425 3993 453 4048 in
472 3991 595 4049 Persida
618 4010 631 4043 1
657 4009 673 4048 e
698 3992 802 4048 Solino
821 3992 863 4061 37,
884 3993 915 4048 21
934 4016 947 4036 r
966 3991 1107 4048 Selenites
1132 3991 1288 4050 translucet
1304 3993 1433 4068 fulgore

262 4081 385 4138 canaida
403 4081 572 4156 melleoque,
598 4081 743 4138 continens
768 4082 857 4162 lunae
879 4081 1057 4156 imaginem,
1085 4099 1171 4156 quam
1201 4081 1286 4138 irrata
1312 4097 1427 4144 cursum

258 4170 333 4228 astri
356 4169 447 4245 ipsius
462 4170 614 4244 perhibent
632 4169 877 4246 diebussingulis
895 4171 939 4227 uel
965 4169 1059 4226 minui
1082 4169 1127 4228 uel
1144 4169 1253 4246 augeri
1269 4195 1281 4216 n
1302 4183 1330 4228 et
1350 4169 1426 4226 Plin.

258 4261 301 4326 37,
319 4259 363 4318 181
382 4283 394 4308 a
409 4257 545 4314 Selenitis
560 4275 600 4313 ex
614 4257 738 4314 candido
759 4259 880 4315 tralucet
902 4257 1003 4313 mellea
1014 4256 1140 4333 fulgore
1163 4256 1323 4332 imaginem
1344 4257 1428 4314 lunae

257 4348 410 4416 continens,
429 4346 579 4424 redditque
593 4362 626 4402 ea
649 4344 682 4401 in
706 4345 782 4402 dies
806 4345 971 4420 singulas
999 4344 1153 4402 crescentis
1168 4344 1376 4420 minuentisque
1387 4345 1427 4401 sl·
1499 4387 1501 4392 ,

260 4434 338 4490 deris
352 4433 477 4508 speciem
492 4458 516 4489 ».
