3444 5132
190 335 194 343 t
210 385 213 390 Ι
304 323 310 357 Ι
498 298 500 302 ”
806 360 840 372 1-
855 329 891 390 m
908 359 941 372 .-

227 483 229 491 ’
341 479 377 546 7«
401 453 507 545 Orie-
541 472 594 540 ιφ
619 451 653 540 6,
676 450 783 544 iou
805 451 819 538 t
842 452 869 541 l·

340 578 381 648 ln
404 576 608 649 enarrandis
622 573 801 648 Sardiniae
822 591 924 667 atque
947 575 1106 646 Corsicae
1131 575 1233 668 rebus
1263 589 1456 656 memoratu

296 699 407 792 dignis
428 699 580 770 Isidorus
603 698 804 772 Sallustium
817 697 1035 786 potissim-unt
1046 714 1221 770 auctorem
1239 714 1373 768 secutus
1392 675 1454 766 est}

298 825 410 897 Multa
432 824 525 896 eninr
548 823 595 896 ibi
613 842 807 910 occurrunt,
823 845 912 915 quae
924 823 969 894 ab
986 823 1061 894 aliis
1077 845 1213 915 quoque
1229 819 1454 915 scriptoribus

297 973 336 1020 ex
366 951 526 1023 Sallustio
549 950 726 1030 nominato
748 966 887 1020 auctore
906 948 1152 1043 proferuntur,
1181 947 1274 1038 quod
1301 943 1457 1024 aGellio

194 1091 195 1094 ’
297 1075 413 1164 (Noct.
435 1075 510 1144 Art.
537 1074 590 1164 13,
614 1074 670 1164 30,
694 1075 728 1163 5)
751 1089 784 1143 et
800 1071 1093 1162 Priscianollnst.
1113 1072 1149 1155 6,
1180 1072 1232 1156 15,
1251 1068 1309 1158 80)
1328 1067 1458 1170 facturn

295 1219 368 1268 esse
389 1195 557 1282 videmus,
584 1218 671 1287 quos
691 1194 844 1266 Isidorus
866 1215 1046 1287 nunquam
1067 1193 1179 1266 tontes
1195 1189 1364 1280 adhibuit3
1383 1207 1458 1295 turn

297 1320 460 1394 nonnulla
478 1341 558 1391 cum
572 1302 690 1392 Solino
707 1318 797 1390 miro
821 1319 927 1390 modo
951 1315 1159 1413 conspirant,
1178 1314 1246 1386 ubi
1267 1314 1296 1384 is
1321 1337 1361 1386 ex
1375 1335 1457 1384 auc-

296 1461 368 1515 tore
390 1445 489 1516 nobis
508 1445 622 1538 ignoto
646 1443 771 1530 hausit,
795 1444 965 1537 quaedam
989 1442 1136 1542 denique
1155 1441 1228 1511 sola
1242 1437 1367 1510 Isidori
1381 1438 1459 1510 auc-

296 1569 429 1644 toritate
450 1569 736 1656 nituntur.Solini
749 1568 849 1663 igitur
860 1585 964 1662 atque
974 1567 1036 1642 Sili
1053 1568 1128 1639 ltal.
1142 1569 1215 1655 (12,
1235 1566 1301 1635 355
1319 1566 1411 1656 sqq.)
1420 1587 1459 1634 ex

297 1681 417 1764 eodem
427 1694 519 1765 fonte
534 1692 721 1766 haurientis
740 1717 801 1766 nec
815 1717 891 1764 non.
901 1690 1092 1788 Pausaniae
1106 1712 1275 1791 consensu
1292 1709 1374 1760 cum
1393 1686 1457 1760 lsi-

297 1819 382 1888 doro
409 1823 586 1909 permotus
601 1816 754 1888 Kritzius
771 1839 841 1888 non
853 1807 1031 1905 dubitavit,
1040 1813 1173 1914 initiunt
1190 1811 1394 1906 paragraphi
1415 1810 1459 1902 39

300 1965 317 2002 a
328 1939 469 2010 Sardus
483 1941 638 2012 Hercule
649 1951 917 2034 procreatus-
934 1938 1067 2010 insulae
1085 1960 1205 2032 nomen
1219 1937 1349 2015 dedit»
1373 1935 1460 2009 inter

297 2061 501 2134 Sallustiana
514 2063 703 2156 fragmenta
724 2063 872 2156 recipere
889 2065 952 2152 (2).
971 2064 1016 2134 Et
1034 2061 1297 2154 recte-quidem.
1318 2059 1387 2134 Sed
1410 2082 1460 2130 re·

297 2185 390 2280 liqua
419 2185 609 2272 isidoriana
635 2209 744 2279 usque
766 2167 811 2257 ad
833 2187 937 2273 finem
959 2169 1165 2281 paragraphi
1193 2207 1239 2274 40
1264 2207 1335 2256 non
1365 2198 1461 2255 erant

298 2356 449 2376 *au-*-

297 2461 596 2557 intermeantium
619 2482 672 2540 sub
694 2480 818 2540 meridie
838 2480 954 2558 quidem
979 2480 1065 2552 sitas,
1089 2480 1141 2540 sed
1162 2479 1320 2557 proximos
1344 2477 1461 2536 occasui

298 2568 371 2626 dicit
385 2593 410 2628 n.
463 2619 466 2622 .
1356 2619 1358 2627 .

323 2663 367 2742 ¹(r)
385 2659 729 2732 «39.‚SardusHercule
737 2669 910 2736 procreatus
923 2676 990 2717 eum
1002 2675 1112 2736 magna
1128 2657 1313 2740 multitudine
1326 2674 1344 2714 a
1358 2656 1458 2732 Libya

292 2748 442 2823 projectus
457 2748 628 2807 Sardiniam
646 2749 797 2824 occuparit
815 2757 843 2805 et
860 2765 901 2806 ex
916 2741 970 2810 'suo
983 2747 1120 2807 uocabulo
1133 2746 1244 2804 insulae
1257 2762 1359 2803 nomen
1371 2743 1458 2804 dedit.

293 2837 384 2894 Haec
404 2832 433 2895 i'n
444 2839 555 2914 'Africo
572 2831 651 2896 mori
659 2838 744 2913 socie
760 2838 883 2914 vestigii
900 2837 1020 2896 humani
1039 2838 1068 2894 in
1086 2835 1225 2896 orientem
1242 2839 1329 2914 quam
1343 2835 1372 2894 in
1386 2835 1462 2900 oeci·

297 2925 411 3001 dentem
428 2926 517 2984 letior
529 2926 688 3002 prominet,
697 2927 798 3000 ferme
812 2926 936 3002 poribus
955 2924 1104 3000 lateribus,
1124 2941 1197 3000 quae
1216 2924 1245 2981 in
1264 2923 1416 2981 meridiem
1434 2933 1463 2980 et

297 3015 517 3088 septentrionem
534 3024 656 3086 vertunt,
677 3033 719 3074 ex
736 3033 791 3090 quo
810 3025 877 3074 ante
896 3015 1136 3074 commerciumo
1155 3012 1463 3090 nauigantibusGrae·
1531 3053 1534 3060 »

298 3120 400 3160 corum
416 3105 493 3174 ἴχνος
509 3104 719 3180 appellatalo.
736 3104 829 3163 Terre
843 3104 975 3182 poietin
994 3103 1206 3180 longitudinem
1225 3101 1309 3162 milio
1322 3102 1413 3174 CXL,
1434 3101 1462 3158 in

298 3191 480 3249 latitudinem
495 3191 560 3252 XL.
569 3193 603 3252 In
615 3210 651 3250 ea
669 3210 760 3268 neque
775 3209 891 3269 serpens
909 3192 1050 3270 gignitur
1062 3209 1152 3268 neque
1165 3191 1261 3266 lupus,
1270 3190 1321 3252 sed
1333 3188 1462 3267 solifuga

196 3279 198 3287 '
298 3290 420 3358 tantum,
434 3282 545 3341 anim
562 3283 709 3360 exiguum
728 3282 891 3340 hominibus
905 3281 1114 3358 perniciosum.
1138 3280 1282 3340 Venenum
1298 3296 1410 3356 quoque
1424 3278 1465 3336 ibi

295 3386 352 3428 non
369 3371 514 3444 nescitum·
525 3371 586 3432 nisi
603 3371 691 3430 herba
707 3389 763 3447 per
779 3373 937 3448 scriptores
952 3370 1097 3447 plurimos
1115 3379 1144 3427 et
1162 3379 1265 3445 poetas
1289 3377 1463 3439 memorata,

294 3457 428 3533 'apiastro
444 3459 564 3534 similis,
580 3477 654 3536 quae
673 3459 836 3517 horninibus
853 3460 944 3516 rietus
962 3458 1107 3518 contraiit
1124 3460 1154 3516 et
1175 3457 1259 3534 quasi
1275 3455 1401 3514 ridentes
1419 3454 1462 3512 in-

298 3546 420 3606 terimit.
439 3547 546 3618 Fontes
564 3549 649 3606 habet
671 3548 780 3607 calidos
797 3547 947 3618 Sardinia,
970 3547 1096 3622 infirmis
1114 3545 1268 3608 medellam
1282 3545 1460 3620 praebentes,

287 3634 410 3708 furibus
436 3636 624 3704 eaecitatem,
640 3638 679 3694 ,si
701 3646 886 3694 ¹sacramento
910 3636 978 3694 dato
1003 3636 1100 3694 oculos
1117 3635 1202 3712 aquis
1220 3633 1283 3692 eius
1301 3632 1460 3708 tetigerint.

293 3722 341 3782 dl.
362 3724 500 3792 Corsicae
518 3725 628 3784 insulae
646 3725 803 3784 exordium
822 3724 932 3802 incolae
951 3725 1080 3802 Ligures
1105 3724 1261 3794 dederunt,
1286 3721 1462 3799 appellantes

295 3830 363 3871 eam
381 3814 553 3873 eunomiae
574 3814 667 3874 ducis.
686 3814 771 3872 Nam
794 3814 937 3888 quaedum
965 3814 1060 3874 Corsa
1086 3812 1201 3870 nomine
1224 3802 1324 3888 Ligur
1346 3809 1463 3880 mulier,

292 3919 363 3960 cum
382 3912 499 3962 taurum
512 3921 553 3962 ex
565 3919 672 3979 grege,
686 3919 770 3978 quem
781 3920 873 3978 prope
887 3901 987 3960 littora
1001 3901 1133 3978 regebat,
1148 3909 1332 3960 transnatare
1344 3897 1464 3956 solitum

297 3999 384 4066 atque
397 4009 452 4067 per
471 3991 621 4066 interuallo
639 4007 761 4068 corpore
778 4000 864 4050 aucto
888 3990 1165 4060 remeare.‚oideret,
1194 3987 1311 4064 cupiens
1329 3985 1466 4045 scirein-

297 4080 415 4155 cognita
427 4080 490 4144 sibi
503 4079 624 4156 pabula,
643 4090 760 4141 taurum
779 4097 797 4135 a
816 4079 919 4137 ceteris
938 4077 1153 4153 digredientem
1172 4093 1261 4150 usque
1283 4075 1321 4132 ad
1341 4072 1464 4136 insulam

295 4167 418 4243 nauigio
434 4178 588 4244 prosecuta
606 4178 659 4226 est.
679 4161 772 4242 Cuius
785 4183 922 4244 regressu
938 4167 1048 4224 insulae
1059 4165 1249 4240 fertilitatem
1263 4171 1466 4240 cognoscentes

295 4249 426 4328 Ligures
445 4257 561 4316 ratibus·
580 4257 621 4314 ili
638 4255 763 4332 profecti
780 4265 846 4314 sunt
867 4251 986 4331 emmae
1007 4253 1128 4313 nomine,
1140 4252 1273 4312 mulieris
1290 4251 1465 4314 auctorisset

296 4339 382 4400 ¹citreis
399 4345 614 4420 appellauerunt
629 4369 655 4402 n.
1147 4368 1150 4378 ¹

335 4431 374 4502 (a)
390 4429 598 4506 Fragmentum
612 4437 630 4491 l
643 4433 712 4492 libri
730 4435 770 4490 ll.
795 4507 805 4524 .
