3444 5132
814 345 848 362 ..
864 317 899 375 ῃ
915 345 950 362 .-

286 435 510 510 'exscribendi
533 434 663 506 ratione
686 456 756 504 non
788 436 960 516 abhorret,
983 435 1080 528 quod
1108 435 1256 507 duorum
1281 454 1462 510 auctorum

295 577 373 633 tam
391 583 491 654 saepe
509 558 742 631 adhibitorum
759 559 862 629 verba
885 558 1107 645 coniunxerit,
1124 621 1126 626 .
1143 581 1205 630 nec
1231 559 1359 654 mirum
1389 583 1462 632 esse

303 702 413 778 potest
436 685 528 775 quod
539 681 740 754 Sallustium
758 681 906 754 aServio
925 681 1140 752 nominatum
1160 682 1293 752 silentio
1316 700 1464 776 praeter-

302 807 391 880 ierit:
419 824 567 877 attamen
586 827 702 876 rerum
725 822 827 898 atque
849 806 1033 876 verborum
1053 804 1197 875 affinitas
1218 822 1250 874 et
1273 807 1460 876 similitudo

301 956 342 1004 ea
364 949 424 1022 est,
451 947 488 1000 ut
509 931 566 1006 vix
587 929 801 1020 crediderim,
842 931 886 999 ab
920 928 1117 1022 Hispalensi
1142 930 1302 1022 episcopo
1328 929 1459 1002 Sallus-

300 1058 393 1130 tIana
414 1057 518 1128 verba
531 1055 627 1128 Servi
646 1072 717 1126 tam
744 1072 820 1147 apte
845 1054 993 1144 sciteque
1016 1054 1142 1126 inserta
1166 1076 1238 1122 esse
1263 1051 1458 1126 Solinianis.

344 1233 380 1304 6.
406 1230 512 1324 Orig.
542 1251 594 1319 14,
619 1229 779 1319 o,8().
1313 1321 1316 1326 ,

334 1353 464 1442 ‚Obiter
484 1366 619 1422 tantum
642 1350 832 1442 inspicienti
855 1372 942 1442 quae
964 1350 1007 1420 de
1028 1348 1225 1420 Fortunatis
1244 1349 1365 1420 insulis
1390 1367 1460 1420 tra·

299 1479 386 1551 didit
399 1467 561 1548 Isidorus
572 1476 686 1546 indea
703 1475 816 1545 verbis
840 1502 856 1538 κ
878 1485 998 1567 suapte
1016 1473 1106 1544 enim
1128 1484 1258 1543 natura
1268 1501 1302 1562 a,
1319 1473 1465 1544 occurrit

271 1587 273 1592 ⁸
298 1597 521 1694 periodorum
543 1612 711 1666 structura
730 1594 910 1687 singularis
929 1616 966 1663 ac
990 1592 1150 1687 proprius
1170 1591 1304 1663 dicendi
1322 1593 1459 1684 modus,
1539 1597 1549 1616 ⁹

298 1735 418 1819 suapte
429 1704 585 1815 inprimis
603 1721 807 1792 vocabulum
820 1719 970 1790 indicare
982 1718 1116 1819 uidetur
1138 1735 1268 1790 certum
1290 1719 1462 1810 quendam

302 1864 487 1919 auctorem.
521 1845 637 1916 Verba
651 1915 656 1924 ,
669 1829 808 1934 quidem
832 1865 920 1933 quae
942 1859 1022 1912 sunt
1048 1869 1064 1906 a
1084 1840 1180 1913 Unde
1194 1841 1386 1936 gentilium
1408 1866 1463 1916 cr-

305 1993 370 2042 ror
394 2009 436 2024 -
448 1968 659 2061 paradisum
666 1977 881 2059 putauerunt
904 1965 988 2054 »ab
1011 1964 1286 2036 antecedentibus
1305 1965 1465 2038 differunt
1506 2053 1511 2066 ι

302 2096 358 2178 ita,
376 2111 414 2164 ut
436 2093 501 2185 ipsi
529 2091 664 2162 Isidoro
692 2111 731 2159 ea
759 2088 963 2181 assignanda
987 2088 1178 2158 videantur.
1204 2089 1293 2159 Tota
1315 2111 1397 2160 vero
1420 2089 1462 2159 de

290 2215 495 2287 Fortunatis
526 2213 646 2285 insulis
660 2214 879 2306 paragrapho
898 2235 979 2282 cum
1003 2212 1138 2283 duobus
1161 2235 1249 2304 quae
1268 2235 1307 2283 ex
1329 2213 1460 2286 Sallus·

298 2341 346 2410 tio
370 2339 470 2409 nobis
502 2353 685 2429 supersunt
702 2337 752 2407 vel
773 2337 817 2407 ad
835 2357 925 2412 ,eum
948 2335 1065 2407 referri
1088 2352 1232 2430 possunt
1267 2335 1462 2428 fragmentis

261 2445 274 2478 ⁸
298 2459 450 2533 eiusdem
481 2445 676 2552 argumenti
697 2451 885 2529 accuratius
917 2474 1126 2552 comparata,
1163 2479 1309 2548 omnes,‘
1326 2456 1459 2552 opinor,

298 2584 433 2656 videant
449 2605 584 2655 necesse
599 2581 674 2674 erit,
691 2581 892 2681 Sallustium
916 2605 956 2652 ex
982 2581 1115 2652 Isidoro
1138 2573 1321 2673 perlucere.

293 2691 295 2697 ’
317 2689 321 2694 ’
339 2709 383 2776 Et
394 2697 548 2800 primum
562 2708 707 2798 quidem·
717 2695 799 2775 haec
812 2721 942 2776 exstant
953 2705 1044 2796 apud
1059 2705 1214 2778 Nonium
1224 2703 1333 2775 VIIII
1343 2705 1378 2799 p'.
1393 2705 1460 2777 338

298 2831 366 2921 (ed.
391 2831 485 2902 Gerl.
506 2847 539 2902 et
555 2832 661 2918 Roth)
676 2852 716 2900 ex
732 2819 908 2902 Sallustio:
934 2855 950 2892 a
968 2806 1067 2899 cuins
1093 2829 1182 2899 duas
1206 2830 1351 2920 insulas,
1375 2854 1461 2922 pro-

292 2953 441 3048 pinquas
464 2954 558 3023 inter
579 2977 614 3023 sc
631 2963 666 3022 et
687 2951 798 3024 decem
816 2953 972 3023 stadium
994 2951 1159 3046 procula
1183 2951 1353 3044 Gadibus,
1370 2933 1465 3026 satis

298 3061 477 3149 constabat
492 3087 643 3178 ‘suopte
667 3075 809 3170 ingenio
826 3075 992 3148 alimenta
1021 3077 1231 3147 mortalibus
1249 3076 1457 3171 gigneret..

264 3183 268 3190 μ
293 3180 435 3275 'Servius
459 3201 516 3292 (ad
551 3203 642 3274 Aen.
673 3205 705 3288 5,
745 3201 828 3294 735)
859 3219 1048 3304 praeterea:
1086 3204 1317 3273 «Secundum
1340 3201 1459 3296 pbilo-

279 3304 419 3420 'sophos
437 3356 453 3392 »
485 3327 596 3422 inquit
625 3355 641 3391 a
666 3326 833 3424 Elysium
851 3339 903 3397 est
934 3327 1067 3398 insulae
1099 3326 1338 3398 Fortunatae:
1367 3327 1460 3419 'quas

298 3449 464 3536 [μακάρων
485 3453 611 3537 νήσους
631 3461 756 3521 uocant
767 3453 930 3543 quasque]
946 3451 999 3520 ait
1013 3449 1207 3521 Sallustius
1230 3447 1373 3521 inclitas
1391 3465 1460 3520 esse
1480 3543 1484 3551 ι

295 3569 448 3640 Homeri
470 3572 735 3644 carminibus».
760 3574 960 3647 Sufficerent
981 3596 1033 3665 ea,
1062 3574 1222 3667 quamvis
1249 3596 1380 3666 pauca,
1414 3574 1459 3644 ad

282 3927 284 3932 .
331 3866 369 3938 (ι)
390 3887 404 3914 a
422 3861 651 3952 Fortunatae-um
671 3863 781 3923 insulde
799 3867 935 3926 vocabulo
953 3867 1123 3946 significant
1139 3868 1225 3943 serre
1251 3866 1349 3925 omnia
1375 3867 1458 3941 bona,

294 3951 378 4028 quasi
387 3953 494 4032 salices
512 3963 541 4010 et
559 3953 658 4010 beatae
668 3955 824 4030 fructuum
843 3957 981 4015 ubertate.
1001 3957 1111 4031 Suapte
1129 3956 1207 4014 enim
1225 3965 1331 4014 natura
1350 3957 1460 4033 pretio·

258 4047 260 4052 ’
293 4057 394 4098 sarum
409 4059 498 4116 poma
522 4043 663 4102 silvarum
684 4045 864 4119 parturiunt.
884 4045 1030 4103 Fortuitt's
1048 4045 1154 4104 ritibus
1174 4045 1246 4121 iuga
1260 4045 1378 4103 collium
1396 4063 1458 4104 ues-

294 4130 413 4189 tiumur.
432 4131 481 4190 Ad.
498 4131 654 4198 herbarum
672 4133 764 4192 ricem
784 4134 933 4208 messisyet
945 4135 1007 4193 olus
1020 4135 1108 4212 uulgo
1122 4143 1174 4194 est.
1191 4134 1283 4196 ,Unde
1303 4134 1459 4210 gentilium

295 4233 379 4274 error
397 4228 425 4276 et
441 4222 636 4280 saecularium
654 4223 785 4280 carmina
800 4233 954 4299 poetarum
970 4234 1091 4300 propter
1109 4223 1165 4281 soli
1174 4223 1387 4299 secunditatem
1397 4239 1460 4280 eas-

293 4304 358 4362 dem
377 4323 438 4365 esse
453 4309 626 4384 paradisum
640 4303 825 4387 putaverunt.
843 4311 926 4369 Silae
952 4321 1018 4370 sunt
1042 4311 1071 4369 in
1093 4311 1206 4372 Oceano
1225 4321 1323 4370 contra
1346 4311 1459 4386 laenam

293 4393 508 4470 Mauretaniae,
527 4397 647 4456 occiduo
662 4399 821 4475 proximae
839 4409 868 4458 et
887 4400 961 4458 inter
973 4418 1004 4460 se
1020 4401 1169 4460 interiecto
1183 4401 1261 4459 marl
1274 4401 1418 4460 discretae
1431 4423 1456 4458 u.
