860 1281
400 83 417 86 -
425 76 435 90 2
444 83 461 86 -

141 111 247 128 quamquam
263 105 324 122 veteris
337 105 413 131 lectionis
427 105 543 123 recordatione
559 105 618 123 adiuto
634 99 729 123 deberetur·

140 141 156 154 et
171 142 226 160 pauca
238 140 306 153 tantum
317 136 341 154 ibi
356 141 440 154 exstarent
451 142 471 154 ex
482 137 556 154 aliorum
571 136 619 154 libris
633 137 721 160 exscripta.

142 167 196 185 Aliter
212 168 288 191 profecto
300 173 327 185 res
344 173 380 185 sese
392 168 454 185 habet:
467 173 508 185 nam
520 167 555 185 fere
573 171 619 185 totus
633 168 721 191 Etymolo-

140 199 207 222 giarum
218 199 270 216 codex
282 199 346 216 alienae
362 198 462 216 eruditionis
478 199 604 222 receptaculum
615 203 646 220 est,
659 199 677 216 in
688 204 723 221 quo

140 230 244 253 transscripti
261 230 339 253 leguntur
357 230 443 248 innumeri
461 230 556 248 multorum
572 234 663 248 auctorum
681 229 722 252 loci,

139 260 225 284 perpauca
236 266 277 278 sane
289 266 320 284 pro
331 261 439 278 multitudine
449 266 506 278 rerum
517 261 540 279 ad
549 261 621 278 verbum
630 261 722 285 exscripta⁴

140 297 179 310 rum
190 292 213 309 ita
229 292 319 309 immutata
338 296 385 314 sunt,
401 298 445 315 quae
456 292 545 315 propriam
557 292 647 310 isidor-iani
659 292 722 315 ingenii

140 323 212 346 speciem
231 328 272 346 prae
288 329 306 341 se
321 323 381 341 ferant.
395 323 515 341 Concedamus
532 323 580 345 licet,
601 323 722 346 Hispalensem

140 354 239 378 episcopum
256 354 292 372 iure
309 354 403 380 meritoque
415 360 495 377 magnam
508 354 525 371 in
537 354 588 372 rebus
599 354 621 371 ad
633 354 722 373 ecclesiam

140 385 255 409 spectantibus
271 385 365 408 optinuisse
384 385 456 408 gloriam
473 389 524 408 atque
542 385 661 403 auctoritatem
677 390 694 403 et
705 385 723 402 in

141 416 227 439 Hispania
238 422 279 439 prae
289 416 349 434 ceteris
362 416 447 434 eruditum
463 416 514 434 ruisse
530 416 603 440 septimo
615 416 682 434 saeculo
695 416 722 434 lit-

138 451 214 465 terarum
229 447 286 465 studio
299 453 361 471 parurn
377 447 457 471 propitio,
470 447 488 465 in
500 447 604 470 scriptorum
618 451 676 465 tamen
688 453 722 464 nu-

140 484 207 496 merum
219 478 271 501 recipi
283 478 311 495 vix
321 482 382 501 potest,
395 482 414 495 ut
425 478 455 501 qui
467 478 542 496 maxima
555 484 575 496 ex
584 482 632 501 parte
641 483 676 496 non
686 478 721 501 ipse

139 509 257 532 ‘excogitaverit
270 514 290 526 ea
303 514 348 532 quae
362 509 424 532 scripta
437 509 487 526 nobis
504 509 577 532 reliquit.
591 509 638 528 Nam
648 509 677 532 qui
688 514 722 526 non

140 540 288 563 Etymologiarum
299 544 367 558 tantum
379 540 441 562 libros,
456 546 515 558 verum
527 540 579 558 etiam
595 540 660 563 reliqua
673 541 722 558 volu-

140 571 186 588 mina
198 571 234 588 eius
249 571 319 588 nomine
335 570 414 594 insignita
431 571 507 593 volverit,
520 577 560 588 mox
576 576 679 594 persuasum
690 571 723 588 sibi

139 602 214 624 habebit,
227 606 277 619 tenue
289 602 326 619 eius
339 602 425 625 ingenium
439 608 469 620 nec
486 602 580 620 ubertatem
597 602 614 619 in
632 602 721 620 scribendo

140 638 170 651 nec
183 633 251 656 copiam
262 633 342 651 habuisse
351 633 439 657 propriam
449 637 538 657 totumque
548 633 610 651 Isidori
620 633 695 657 pretium
706 633 723 650 in

140 670 160 682 eo
172 665 270 687 consistere,
283 665 330 687 quod
348 664 423 682 cuiusvis
440 665 505 688 generis
521 669 599 684 auctores
613 664 724 682 exscribendo

140 695 194 712 multa
205 695 293 713 volumina
304 695 395 713 confecerit
406 695 461 718 iisque
470 695 517 713 haud
528 695 551 713 ita
563 701 617 718 pauca
629 695 723 718 fragmenta

140 730 230 743 auctorum
242 731 287 743 nunc
299 726 427 749 deperditorum
439 726 489 743 nobis
501 726 600 744 servaverit.

163 757 245 774 Attamen
257 763 279 774 ne
290 762 360 775 omnem
372 757 457 775 scribendi
467 757 564 775 facultatem
577 757 644 774 Isidoro
655 756 722 774 abiudi-

140 793 198 805 cemus
214 793 256 805 neve
271 788 288 805 in
300 788 414 806 exscribendis
426 788 524 806 auctoribus
539 794 579 805 eum
595 788 618 805 ita
636 792 723 805 versatum

140 823 177 836 esse
188 822 275 842 putemus,
288 823 306 836 ut
321 824 411 841 nunquam
426 819 448 836 de
461 822 493 836 suo
504 818 589 836 addiderit
600 819 626 836 vel
641 818 722 836 minimas

233 849 274 866 nisit
291 849 398 872 Hispalensis
411 849 501 873 episcopus
517 855 641 873 saepenumero
656 854 722 873 etymo-

233 885 257 897 =sa
269 885 324 903 pauca
337 880 387 897 verba
398 880 425 902 iis,
438 886 482 903 quae
493 886 513 898 ex
524 880 558 898 alio
573 880 631 904 petivit
646 885 721 898 auctore.

242 917 310 934 quoque
319 912 421 934 plerumque
430 911 473 929 nihil
482 912 528 929 aliud
539 912 575 929 fere
583 911 659 929 exhibuit
670 917 722 935 quan-1

233 942 241 959 1
254 942 302 960 illum
314 942 402 960 exstabant
414 947 466 966 quem
478 942 608 966 wmpilandum
623 942 655 960 sibi
668 943 722 966 elege-

241 973 305 991 factum
320 977 351 995 est,
365 977 383 991 ut
398 979 442 996 quae
460 974 538 997 leguntur
550 980 567 997 9,
578 980 595 997 7,
607 974 616 991 3
629 981 636 989 u
646 974 723 997 Sponsus

233 1004 267 1022 ndo
278 1007 349 1023 uocatus
362 1012 378 1027 υ,
391 1009 407 1022 et
418 1005 477 1028 paullo
489 1009 527 1028 post
538 1011 556 1028 9,
569 1011 585 1027 7,
600 1010 618 1022 12
631 1012 639 1021 ιι
654 1004 722 1022 Uxores

233 1036 269 1053 nasi
281 1036 364 1053 anxior-es
375 1043 383 1052 u
398 1036 493 1054 Isidoriana
502 1036 573 1059 quidem
586 1036 620 1054 sint
630 1036 688 1058 verba,
702 1041 722 1053 ex

239 1066 311 1084 conficta
322 1067 349 1084 vel
360 1066 409 1090 quasi
422 1067 498 1090 repetita,
511 1072 555 1090 quae
567 1067 590 1085 ibi
607 1071 702 1090 sequuntur
713 1073 722 1085 e

233 1098 241 1115 l.
251 1098 296 1115 Aen.
309 1103 336 1120 ιο,
349 1103 381 1121 79;
393 1103 411 1120 4,
416 1097 459 1120 458)
468 1098 578 1121 transscripta
590 1105 598 1114 ιι
610 1101 630 1116 ut
641 1103 722 1122 sponsum
