3444 5132
718 1113 768 1174 ῠΕ
805 1117 991 1176 tustino

314 1590 419 1660 Haud
433 1589 532 1681 pauci
551 1589 586 1658 in
604 1587 803 1681 Originibus
827 1593 1009 1658 oecurrunt
1032 1587 1109 1678 loci,
1131 1587 1286 1679 quicum
1308 1585 1430 1658 lustini
1503 1657 1507 1663 ,
1614 1603 1622 1618 ·

181 1791 185 1796 ,
268 1735 355 1804 quos
372 1712 538 1796 babemus
556 1699 716 1782 historiae
740 1701 951 1804 Philippicae
968 1709 1065 1781 libris
1089 1711 1297 1781 concordant
1316 1709 1373 1800 ita,
1391 1726 1428 1778 ut

268 1859 307 1906 ex
330 1816 372 1906 iis
387 1836 561 1906 isidorum
574 1858 636 1906 sua
650 1835 772 1927 petisse
791 1841 974 1929 appareat3
996 1857 1085 1905 unus
1103 1855 1185 1905 vero
1204 1836 1289 1905 inter
1308 1857 1427 1905 omnes

269 1959 436 2030 eiusmodi
455 1976 505 2030 est
523 1958 582 2050 qui
602 1983 641 2029 ex
655 1959 730 2050 ipso
749 1961 865 2051 Trogo
883 1958 1055 2048 profectus
1068 1982 1142 2030 esse
1153 1958 1318 2029 videatur.
1335 1960 1427 2030 Nam

269 2082 365 2152 initio
389 2083 465 2154 libri
479 2069 618 2172 XVIII,
640 2083 700 2153 ubi
729 2082 770 2152 de
797 2083 893 2153 bellis
925 2083 1035 2176 agitur
1071 2083 1288 2164 «Primus»
1319 2083 1430 2174 inquit

273 2205 398 2275 «bella
420 2203 546 2277 intulit
567 2199 685 2277 Nin'us
714 2207 946 2303 Assyriorum
976 2231 1051 2279 rex.
1079 2209 1156 2302 Ipse
1182 2207 1272 2278 enim
1293 2206 1429 2300 finibus

247 2329 343 2398 suis
367 2349 578 2422 nequaquam
597 2340 789 2412 contentus,
819 2331 985 2401 humanae
1016 2331 1196 2402 societatis
1213 2331 1346 2426 foedus
1374 2331 1428 2399 ir-

269 2474 428 2548 rumpens
447 2455 622 2526 exereitus
645 2457 781 2546 ducere,
806 2456 920 2526 aliena
950 2467 1099 2538 vastare,
1128 2455 1257 2526 liberos
1280 2454 1429 2548 populos

267 2590 331 2649 aut
345 2579 527 2650 trucidare
540 2590 604 2650 aut
618 2579 773 2650 subicere
786 2580 895 2672 coepit
917 2580 1176 2672 universamque
1186 2580 1308 2649 Asiam
1325 2601 1428 2672 nsque

267 2703 314 2772 ad
335 2701 467 2795 Libyae
487 2704 572 2794 fines
595 2725 681 2774 noua
702 2702 872 2773 seruitute
885 2704 1101 2795 perdomuit.
1122 2703 1333 2796 Hi‘neetiam
1349 2713 1427 2774 stu-

166 2889 168 2898 ,
268 2824 350 2894 duit
371 2825 469 2895 orbis
493 2825 530 2895 in
553 2838 673 2896 mutuo
695 2825 867 2918 sanguine
894 2827 1030 2897 alterna
1058 2827 1230 2922 grassari
1262 2829 1361 2898 caede
1383 2852 1427 2916 »ς

270 2968 418 3037 quorum
444 2947 627 3018 verborum
650 2947 767 3040 exigua
790 2931 926 3019 rantum
950 2968 1030 3037 pars
1054 2951 1146 3040 apud
1180 2948 1351 3021 lustinum
1378 2951 1426 3020 le·

268 3069 449 3162 giturrqui
473 3073 522 3160 (r,
553 3073 583 3160 1)
607 3071 784 3142 «Primus
809 3073 962 3142 omnium
986 3099 1003 3138 n
1029 3071 1140 3165 inquit
1172 3072 1330 3146 «Ninus
1366 3097 1429 3145 rex

266 3193 499 3292 Assyriorum
521 3207 665 3266 ueterem
685 3207 723 3266 et
741 3196 843 3289 quasi
860 3196 994 3268 avitum
1009 3197 1175 3290 genn'bus
1190 3219 1320 3268 morem
1340 3221 1426 3272 noua

243 3407 245 3412 Ι
269 3295 409 3410 imperii
430 3318 623 3412 cupiditate
644 3320 806 3390 mutauit.
832 3319 906 3390 Hie
922 3320 1066 3414 primus
1084 3320 1208 3393 intulit
1233 3321 1320 3392 bella
1341 3322 1426 3414 fini·

271 3440 388 3527 timis,
417 3454 451 3513 et
483 3444 588 3513 rudes
614 3444 725 3514 adhuc
751 3447 799 3514 ad
833 3445 1062 3518 resistendum
1084 3445 1232 3539 populos
1261 3447 1429 3518 terminos

270 3585 374 3657 usque
395 3564 527 3660 Libyae
539 3565 746 3658 perdomuit
767 3595 799 3636 s.
827 3565 966 3638 Plenius
988 3565 1089 3660 igitur
1108 3567 1262 3638 Isidorus
1281 3570 1425 3640 eandem

269 3665 370 3759 refert
392 3686 477 3779 rem,
508 3711 612 3781 quarn
646 3689 796 3760 lustinus
819 3685 982 3782 angustiis
1005 3690 1173 3783 epitomae
1197 3669 1367 3784 definivii,
1391 3710 1429 3763 ut

268 3811 418 3883 Grialius
445 3835 514 3883 non
547 3814 609 3884 abs
632 3835 668 3883 re
691 3814 734 3883 ad
761 3812 952 3885 isidoriana
970 3813 1073 3885 verba
1103 3816 1297 3886 adnotaret:
1335 3845 1351 3882 «
1376 3819 1428 3887 Ex

212 3953 213 3958 ’
269 3934 413 4015 Iustino,
437 3952 496 4005 aut
519 3937 662 4008 fortasse
687 3937 828 4008 etiams
855 3939 994 4030 Trogo3
1023 3937 1197 4030 aliquanto
1226 3936 1318 4009 enirn
1343 3941 1425 4012 haec

241 4095 244 4101 ·
268 4059 433 4149 ampliora
456 4081 560 4151 quam
584 4060 677 4152 apud
698 4059 882 4146 lustinum,
903 4082 1013 4152 neque
1036 4060 1217 4152 eiusmodi,
1242 4079 1280 4133 ut
1302 4064 1346 4134 ab
1362 4063 1426 4134 Isi-

266 4180 351 4252 doro
375 4199 474 4254 aucta
492 4183 670 4254 videantur
684 4211 717 4254 u.
739 4183 862 4256 Isidori
884 4201 973 4257 certe
992 4207 1063 4255 non
1086 4202 1136 4256 est
1158 4209 1269 4278 neque
1289 4188 1427 4258 illorum

266 4305 449 4408 verborum
466 4290 630 4400 elegantia
645 4330 756 4399 neque
775 4329 891 4378 rerum
907 4307 1090 4401 expositio:
1120 4310 1163 4379 de
1183 4312 1299 4402 Trogo
1312 4327 1427 4382 tamen

214 4453 216 4455 ·
267 4425 389 4498 Isidori
413 4428 506 4501 sonte
523 4451 603 4502 curn
624 4454 662 4502 ex
688 4433 826 4524 reliquis
850 4433 908 4525 qui
923 4431 959 4503 in
977 4430 1179 4526 Originibus
1192 4453 1273 4503 eum
1294 4433 1427 4507 Iustino
