3444 5132
717 273 719 278 Ι
780 335 830 373 ·”“
845 303 880 361 59
898 333 932 344 ’-

283 425 358 496 vius
381 427 531 518 quuitur
543 449 599 497 eas
619 448 756 516 quoque
779 424 1078 517 comprehendisse
1097 447 1163 514 res,
1186 446 1272 514 quas
1293 425 1445 493 Isidorus

282 552 399 643 tangit.
715 561 716 566 ’

327 677 444 744 Restat
462 691 500 743 ut
521 693 845 760 commemoremus
873 673 1037 742 nonnulla
1057 671 1155 741 sicuti
1178 694 1269 742 nunc
1289 673 1445 763 leguntur

284 800 376 890 apud
402 799 574 868 Isidorum
596 798 733 870 Ottonis
758 821 827 868 non
850 780 885 867 iri
910 796 1070 866 omnibus
1095 820 1173 866 cum
1204 796 1323 868 Servio
1354 796 1448 864 fonte

282 921 471 1011 concinere,
493 924 552 991 sed
570 938 629 991 aut
652 920 787 990 omissis
817 937 875 989 aut
904 919 1093 996 immutatis
1129 920 1301 988 vocabulis
1325 918 1447 987 verbo-

283 1060 429 1128 rumque
453 1037 572 1106 ordine
595 1037 738 1107 confuso
762 1038 807 1105 ita
831 1037 1003 1105 interdum
1027 1036 1209 1126 depravata
1241 1057 1325 1122 esse,
1352 1051 1390 1102 ut
1408 1035 1450 1103 de

282 1160 348 1229 alio
373 1184 412 1230 ac
435 1160 554 1233 Servio
576 1161 669 1230 fonte
692 1160 830 1251 cogitari
855 1175 974 1251 queat3
1001 1176 1149 1228 attamen
1174 1159 1202 1228 si
1222 1182 1293 1228 non
1311 1158 1451 1230 Ottonis

283 1285 347 1352 arti
371 1284 504 1353 criticae
523 1284 786 1376 adstipulamur,
815 1306 903 1373 quae
927 1283 1045 1352 nititur
1064 1283 1182 1375 paucis
1207 1281 1450 1353 recentioribus

284 1407 458 1477 codicibus
484 1407 592 1498 iisque
624 1430 791 1500 perquam
822 1407 1053 1499 interpolatis,
1090 1408 1149 1476 sed
1182 1406 1451 1477 vetustissimum

285 1530 467 1624 Originum
489 1533 642 1601 codicem
666 1532 972 1626 Guelferbytanum
992 1532 1091 1601 abeo
1109 1531 1243 1623 penitus
1263 1533 1451 1623 neglectum

284 1655 319 1724 in
333 1655 497 1724 auxilium
516 1679 692 1745 vocamus,
713 1679 793 1725 cum
812 1655 930 1728 Servio
950 1679 989 1725 ea
1004 1655 1131 1748 optime
1150 1654 1322 1724 conciliari
1336 1677 1449 1746 posse,

286 1779 356 1847 imo
379 1780 448 1849 sere
472 1803 606 1873 semper
629 1781 673 1848 ad
697 1781 839 1850 verbum
863 1800 1049 1871 congruere
1073 1778 1245 1872 apparet(
1271 1783 1296 1868 ).

323 2092 330 2162 I
337 2097 360 2165 1)
381 2090 525 2164 Exiguam
545 2102 669 2160 tantum,
689 2107 757 2146 cum
777 2107 829 2163 per
849 2108 957 2164 paucos
976 2090 1038 2148 dies
1060 2089 1244 2164 Guelferbyti
1263 2107 1366 2162 essem,
1383 2091 1452 2150 Ori-

286 2178 389 2252 gInum
408 2193 523 2254 partem
543 2179 675 2237 conferre
700 2179 776 2236 mihi
801 2179 886 2236 licuit
911 2197 979 2236 cum
1007 2180 1108 2238 codice
1128 2179 1271 2238 Carolino
1291 2196 1363 2236 saec.
1378 2179 1452 2234 VIII

287 2267 396 2325 ineunt.
417 2269 494 2340 (W);
516 2268 662 2326 sufficiant
681 2267 771 2342 Igitur
791 2269 861 2326 haec
881 2270 941 2325 duo
960 2271 1107 2344 exempla:

357 2357 385 2427 a)
402 2357 486 2430 Orig.
504 2358 545 2426 10,
558 2360 618 2416 219.
1136 2364 1138 2369 '

411 2445 523 2499 Otto:·u
539 2447 695 2500 Praedator
709 2454 797 2500 autem
812 2456 863 2512 est,
880 2449 924 2500 cui
940 2448 1051 2500 debetur
1067 2447 1099 2498 de
1111 2446 1336 2513 praedaalt'quid
1353 2464 1376 2510 »,·
1453 2485 1454 2490 ,

412 2527 506 2578 Areu:
524 2545 538 2574 tt
554 2527 712 2579 Praedator
728 2534 778 2591 est,
796 2529 839 2580 cui
853 2527 886 2579 de
898 2528 1005 2594 praeda
1020 2527 1130 2579 debetur
1146 2526 1249 2592 alt'qur'd
1265 2543 1290 2590 »5
1341 2541 1343 2544 ·

412 2606 483 2658 Cod.¹
495 2607 543 2657 W:
563 2627 575 2656 a
592 2608 730 2659 Predator
745 2609 794 2660 hoc
810 2609 914 2674 estqui
929 2608 962 2660 de
975 2607 1192 2674 preda'debetur
1204 2606 1306 2672 aliquid
1323 2622 1347 2668 »5

412 2687 485 2738 Serv.
503 2688 536 2738 ad
553 2687 618 2738 Aen.
636 2688 661 2752 3,
679 2688 738 2739 222:
756 2707 769 2733 (ι
787 2689 887 2754 Ipsum,
904 2687 920 2738 i.
938 2703 960 2738 e.
979 2702 1070 2754 regem
1086 2687 1206 2748 deorum,
1221 2693 1271 2738 aut
1286 2691 1358 2738 certe
1370 2701 1454 2752 prae-
1533 2755 1538 2766 .

473 2765 604 2830 datorem,
622 2767 671 2817 hoc
686 2774 728 2818 est
743 2768 788 2818 cui
803 2766 835 2818 de
847 2766 953 2832 praeda
969 2766 1084 2818 debetur
1100 2765 1204 2832 alr'qut'd
1221 2784 1241 2814 ».

358 2845 384 2917 b)
405 2845 482 2902 Cum
503 2845 606 2902 Servio
626 2847 674 2916 (ad
692 2849 766 2902 Aen.
786 2845 811 2916 5,
830 2847 891 2916 758]
911 2845 1024 2917 optime
1050 2846 1187 2918 congruit
1214 2845 1284 2902 Isid.
1302 2847 1331 2914 9,
1350 2844 1377 2910 4,
1396 2847 1413 2900 8
1430 2849 1454 2901 si

288 2949 348 2988 non
368 2933 486 2990 Ottonis
505 2937 665 2990 verborum
685 2945 854 2990 contextum
874 2935 1036 3008 sequimur,
1057 2933 1107 2990 sed
1126 2950 1194 2990 eum
1214 2950 1301 3006 quem
1329 2933 1394 2990 cod.
1414 2933 1453 2986 W

287 3019 403 3078 exhibet
422 3033 450 3077 et
469 3019 561 3076 editio
580 3021 707 3078 Arevali.
731 3023 775 3077 Ita
795 3021 872 3078 enim
893 3021 984 3078 Otto:
1005 3046 1018 3070 «
1038 3021 1101 3078 Atii
1119 3040 1136 3077 α
1155 3021 1274 3078 siaendo
1293 3021 1391 3078 dicunt
1408 3039 1453 3078 se-

264 3117 419 3180 -natores,
449 3109 524 3184 qnod
552 3109 609 3184 t'psi
635 3108 744 3185 agendi
769 3109 891 3165 habeant
900 3108 1076 3184 facultatem
1104 3129 1129 3180 »3
1150 3109 1215 3166 cod.
1238 3110 1277 3164 W
1297 3122 1325 3166 et
1353 3112 1472 3168 Arev.:'
1507 3117 1509 3122 '

289 3222 302 3245 «ι
318 3197 380 3254 Alii
391 3215 409 3254 a
422 3197 540 3256 sinendo
554 3198 646 3255 dictos
660 3197 808 3271 accipiunt
819 3207 975 3255 senatores.
991 3197 1054 3272 Ipsi
1068 3199 1146 3254 enim
1161 3197 1271 3274 agendi
1277 3197 1454 3272 facultatem

291 3285 437 3354 dabant».
