3444 5132
659 1269 713 1324 DE
747 1267 1048 1326 casstooono

313 1684 415 1752 Recte
436 1681 586 1754 Grialius
610 1680 646 1752 in
669 1680 946 1751 adnotationibus
961 1681 1130 1774 Magnum
1145 1681 1329 1750 Aurelium
1342 1679 1430 1750 Cas-

268 1805 444 1876 siodorum
470 1805 592 1875 Isidori
616 1805 747 1874 fontem
778 1803 949 1874 interdum
972 1804 1077 1874 fuisse
1104 1803 1321 1896 significavi13
1354 1820 1429 1874 tan-

266 1945 341 1998 tum
362 1951 443 1999 vero
461 1931 568 2018 abest,
596 1944 634 1996 ut
655 1950 743 2019 quae
767 1951 807 1997 ex
832 1927 923 1998 illius
946 1909 1157 1999 collectaneis
1177 1928 1271 1999 libris
1289 1929 1324 1999 in
1348 1928 1429 2002 Ori·

267 2051 360 2144 gines
379 2053 586 2124 transierunt
600 2051 717 2121 omnia
734 2051 903 2141 indicarit,
925 2069 963 2121 ut
981 2054 1146 2123 nonnulla
1164 2053 1208 2123 ad
1227 2053 1333 2122 alium
1352 2049 1430 2121 fon·
1452 2047 1455 2052 ’

264 2193 337 2247 tem
358 2177 532 2266 rettulerit,
559 2199 646 2268 quae
671 2193 786 2269 aperte
809 2199 828 2246 e
850 2173 1058 2247 Cassiodoro
1090 2175 1240 2246 derivata
1265 2155 1395 2247 sunts'

244 2313 247 2318 '
310 2299 452 2372 Collatis
474 2302 576 2394 igitur
593 2302 679 2372 inter
698 2325 734 2372 se
751 2300 936 2393 Originum
960 2317 992 2371 et
1014 2299 1215 2376 Cassiodori
1230 2300 1324 2371 libris
1338 2299 1430 2404 affir-

271 2424 448 2495 mareiam
464 2425 552 2516 licet,
570 2425 744 2496 Isidorum
761 2425 798 2497 in
810 2447 913 2495 suum
928 2445 1032 2524 usum
1048 2425 1254 2495 convertisse
1268 2424 1378 2517 capita
1392 2427 1453 2494 de1
1514 2493 1517 2498 .

267 2551 448 2640 rhetorica,
459 2551 502 2620 de
511 2550 694 2640 dialectica,
710 2552 753 2620 de
764 2547 987 2639 arithmetica,
1001 2550 1043 2619 de
1054 2549 1250 2642 geometria,
1272 2534 1430 2619 deastro-

266 2672 395 2764 nomia,
418 2675 460 2744 de
485 2674 627 2745 musica.
654 2675 880 2745 Reticendum
900 2698 969 2744 non
989 2690 1050 2764 est,
1068 2749 1071 2760 ,
1088 2673 1130 2744 C.
1158 2673 1351 2762 Halmium,
1373 2673 1432 2764 qui

267 2797 354 2867 inter
375 2798 528 2870 rhetores
552 2799 675 2869 latinos
693 2799 844 2869 minores
864 2798 1001 2891 Lipsiae
1014 2821 1047 2870 a.
1070 2798 1285 2890 1863editos
1309 2796 1431 2872 Isidori
1456 2831 1459 2838 ·
1564 2779 1568 2787 ¹

267 2943 404 3013 quoque
428 2940 541 3014 partes
573 2925 617 2992 ad
641 2921 844 2993 rhetoricam
868 2937 1054 3015 spectantes
1078 2922 1152 3010 (lib.
1176 2945 1194 2991 2
1223 2943 1298 3016 cap.
1337 2922 1431 3007 1-21)
1454 2909 1456 2912 ⁵

267 3045 478 3138 optimorum
507 3046 663 3116 codicum
695 3047 893 3116 auctoritate
925 3046 1097 3116 restitutas
1126 3047 1263 3139 recepit,
1292 3043 1432 3116 Cassio·
1461 3126 1463 3130 ¹

147 3164 157 3190 ⁶
266 3169 392 3239 dorum
425 3169 556 3240 fontem
579 3211 623 3222 --
641 3169 676 3239 id
700 3169 793 3260 quod
812 3191 923 3261 neque
941 3167 1092 3240 GriaIius
1125 3185 1236 3261 neque
1261 3143 1432 3244 Arevalus

266 3292 414 3364 fecerant
431 3297 482 3384 (r)
502 3331 546 3346 -
568 3293 708 3387 singulis
733 3293 856 3365 Isidori
879 3293 1047 3387 capitibus
1062 3295 1299 3387 adscripsisse:
1322 3316 1432 3385 neque

268 3431 383 3486 tamen
406 3416 552 3488 absolvit
569 3439 656 3507 rem,
675 3418 756 3510 quia
780 3418 888 3488 etalii
906 3418 1050 3504 inveniri
1068 3435 1252 3515 potuerunt
1270 3417 1347 3502 loci,
1374 3417 1433 3508 qui
1475 3481 1478 3488 .

266 3561 285 3608 e
309 3537 516 3612 Cassiodoro
541 3543 577 3611 in
597 3541 720 3614 Isidori
745 3542 895 3616 libellum
919 3544 962 3615 de
986 3545 1153 3615 rhetorica
1175 3547 1405 3646 transierunt
1468 3575 1471 3584 ν
1516 3605 1518 3610 ,

302 3869 341 3940 (1)
361 3870 472 3927 Omnia
489 3868 556 3941 fere,
579 3888 653 3950 quae
675 3870 806 3930 Isidorus
826 3872 862 3929 de
882 3874 1030 3932 rhetorica
1049 3861 1183 3946 exhibet,
1210 3873 1240 3931 in
1267 3870 1432 3937 adnotatio·

266 3956 355 4016 nibus
379 3958 512 4016 Grialius
537 3976 552 4016 e
581 3959 727 4016 Cicerone
746 3959 808 4031 (Iib.
833 3962 844 4016 1
869 3959 905 4018 de
933 3961 1004 4032 inv.)
1020 3962 1121 4037 'petita
1148 3978 1208 4019 esse
1235 3962 1429 4036 significavit,

266 4062 434 4120 quanquam
453 4058 551 4120 aperte
569 4063 585 4104 e
604 4046 785 4105 Cassiodoro
803 4047 935 4123 profecta
952 4061 1030 4107 sunt.
1046 4048 1191 4106 Continet,
1204 4061 1302 4126 tamen
1316 4049 1433 4108 Cassio-

267 4135 358 4192 dorus
377 4134 484 4193 Isidori
503 4137 574 4193 hinc
593 4136 662 4194 inde
681 4136 839 4210 particulas
856 4137 997 4212 quasdam
1013 4155 1028 4195 e
1047 4137 1201 4196 Ciceronis
1213 4140 1250 4196 de
1266 4138 1434 4198 inventione
1456 4133 1459 4146 ''

267 4223 346 4280 libro
364 4224 503 4299 insertas3
529 4227 610 4300 quod
634 4239 735 4284 utrum
759 4227 820 4301 ipse
842 4227 973 4285 isidorus
990 4246 1026 4286 an
1047 4242 1113 4302 post
1131 4217 1199 4286 euni
1218 4230 1294 4288 alius
1312 4229 1433 4304 quidam

266 4312 375 4386 fecerit,
398 4315 523 4374 dubium
542 4328 601 4374 est:
623 4333 692 4374 narn
712 4316 744 4373 id
763 4334 880 4392 quoque
906 4317 1048 4376 credibile
1067 4329 1124 4388 est,
1145 4318 1293 4376 eiusmodi
1319 4319 1433 4378 addita·
1507 4307 1509 4317 ’

266 4413 364 4462 menta
383 4400 414 4460 in
433 4403 603 4464 Cassiodori
625 4404 683 4463 iam
702 4404 791 4464 fuisse
809 4405 919 4478 codice,
940 4411 1028 4482 quem
1051 4405 1183 4467 Isidorus
1202 4406 1348 4466 adhibuit.
1377 4401 1380 4410 ’
1414 4407 1425 4454 1
