3444 5132
667 752 721 807 ΒΕ
755 748 1023 808 ΗΕΘΕΒΙΡΡΟ

195 1100 198 1106 ’
310 1083 413 1158 Liber
436 1082 495 1174 qui
521 1081 707 1175 Hegesippi
738 1079 878 1152 nomine
910 1079 1147 1151 circumfertur
1169 1114 1212 1132 -·
1235 1079 1336 1170 vulgo
1369 1077 1423 1148 in·
1452 1137 1457 1148 .

265 1206 459 1277 scribitur«
485 1206 700 1298 Hegesippus
725 1205 783 1296 qui
807 1203 929 1274 dicitur
961 1227 1021 1274 seu
1045 1203 1234 1296 Egesippus
1264 1201 1307 1270 de
1337 1200 1425 1271 bello

266 1329 399 1400 iudaico
414 1360 429 1394 »
452 1371 508 1419 -.·>
524 1329 841 1420 antiquissimorum
856 1350 934 1398 vero
948 1327 1105 1397 codicum
1124 1325 1317 1396 testimonio
1336 1326 1425 1398 Am-

266 1453 419 1525 brosium
443 1470 618 1524 auctorem
641 1452 761 1523 habuit
776 1454 839 1542 (1),
865 1449 1015 1522 continet
1037 1449 1175 1542 losephi
1194 1445 1425 1517 narrationem

255 1575 343 1662 belli
357 1575 479 1648 iudaici
493 1578 528 1647 in
544 1575 686 1647 latinum
706 1595 900 1646 sermonem
914 1574 959 1644 ita
977 1595 1123 1652 versam,
1140 1589 1177 1680 ut
1194 1571 1320 1664 partim
1345 1571 1423 1640 bre-

265 1701 354 1774 vista
375 1701 501 1795 partim
532 1715 630 1769 aucta
663 1699 715 1769 sit.
741 1697 851 1788 Quod
869 1699 902 1770 J.
928 1696 1055 1767 Caesar
1086 1695 1241 1789 pluribus
1273 1694 1427 1787 exposuit

265 1828 308 1906 de
332 1803 536 1918 Hegesippo
553 1822 678 1893 Isidori
700 1823 792 1892 fonte
811 1825 861 1913 (2)
885 1821 955 1891 iam
977 1838 1076 1891 antea
1094 1819 1244 1890 Grialius
1263 1817 1298 1889 in
1316 1815 1423 1888 adno-
1541 1835 1543 1838 ·

266 1946 450 2032 tationibus
472 1946 579 2017 obiter
605 1945 822 2034 indicaverat,
848 1961 990 2035 uterque
1012 1961 1127 2013 tamen
1150 1962 1224 2011 rem
1249 1941 1284 2010 in
1312 1940 1425 2011 medio

258 2059 403 2162 ⁴reliquit
421 2093 490 2142 non
513 2070 717 2141 absolutam.

310 2195 445 2287 Operae
467 2193 568 2286 igitur
586 2193 733 2286 pretium
748 2209 831 2282 erat,
849 2188 1015 2282 ¹Ambrosi
1026 2190 1213 2283 losephum
1232 2186 1424 2282 diligentius

265 2319 481 2411 perlustrare,
505 2317 541 2415 in
554 2326 630 2419 ‘quo‘
653 2334 784 2411 praeter
806 2318 911 2386 multa
933 2317 977 2386 ad
1002 2315 1213 2386 Palaestinae
1236 2330 1343 2384 terrae
1362 2315 1421 2384 de-

264 2441 484 2537 scriptionem
505 2440 707 2533 pertinentia
730 2443 886 2534 leguntur
910 2441 1012 2511 etiam
1035 2439 1101 2509 alia
1115 2460 1229 2510 rerum
1253 2453 1423 2530 gestarum

265 2542 464 2658 expositioni
490 2581 523 2635 et
542 2550 731 2637 rhetoricae
751 2563 833 2632 artis
855 2561 1063 2632 ornamentis
1087 2561 1223 2644 inserta,
1251 2582 1339 2650 quae
1361 2581 1423 2628 na-

265 2705 359 2760 turae
373 2710 412 2758 ac
432 2688 555 2761 rationi
575 2683 756 2758 Isidoriani
775 2685 887 2779 operis
906 2683 1034 2778 optime
1047 2681 1227 2754 convenire
1242 2683 1421 2763 debebant.
1457 2770 1461 2779 1

267 2789 311 2881 Et
333 2813 378 2881 ita
404 2812 531 2884 factum
550 2829 611 2900 est,
632 2828 669 2880 ut
688 2833 806 2881 omnes
826 2811 889 2880 loci
906 2809 950 2880 ab
969 2808 1103 2879 Isidoro
1121 2823 1179 2876 aut
1192 2805 1348 2899 exscripti
1366 2787 1425 2876 aut

266 2933 406 3036 adhibiti
430 2935 539 3028 colligi
562 2932 746 3026 potuerint.
1043 2931 1044 2937 '

268 3039 269 3045 ἵ
309 3056 463 3151 Neglexit
495 3057 661 3148 Isidorus,
696 3074 733 3127 ut
756 3057 791 3130 in
814 3057 1035 3132 historiarum
1076 3057 1297 3151 scriptoribus
1312 3059 1420 3145 solet,

265 3180 381 3268 omnia
405 3203 491 3272 quae
502 3183 553 3252 ad
573 3203 687 3252 rerum
706 3197 877 3276 gestarum
892 3182 1136 3278 expositionem
1149 3183 1302 3272 attinent,
1323 3181 1422 3252 adhi-

264 3305 339 3376 buit
360 3327 446 3389 vero,
472 3321 531 3375 aut
552 3306 728 3398 exscripsit
750 3307 857 3376 multa
889 3329 977 3398 quae
1005 3307 1047 3376 de
1069 3305 1273 3400 geographia
1296 3304 1343 3374 ibi
1374 3305 1426 3386 le-¹

148 3409 154 3419 ⁵
264 3444 389 3520 guntur
407 3444 439 3498 et
461 3449 551 3520 quae·
569 3430 777 3500 Ambrosius
794 3430 835 3500 de
848 3429 923 3501 aliis
941 3430 1147 3521 quibusdam
1166 3431 1268 3501 rebus
1287 3429 1424 3499 aliunde

264 3550 366 3645 petita
391 3552 539 3644 losepho
563 3551 706 3623 addidit.

415 3723 418 3732 ι

266 3744 415 3756 ι--ν--ι

299 3883 337 3955 (t)
357 3880 402 3938 cr.
425 3855 689 3938 Reifferscneu'n
710 3903 728 3932 t
750 3880 1017 3959 sttrungssernue
1043 3881 1096 3938 rer
1114 3882 1142 3940 x.
1156 3851 1245 3940 Aiax.
1270 3881 1323 3939 xer
1344 3881 1423 3939 un-

262 3961 422 4046 senschssru
440 3968 549 4026 Wienn
572 3967 606 4024 56
625 3967 712 4040 (1867)
732 3989 760 4044 p.
781 3969 845 4027 442:
868 3995 881 4021 κ
903 3971 977 4028 Dass
991 3971 1043 4028 der
1061 3971 1211 4030 Verlasser
1230 3971 1323 4030 dieses
1346 3978 1423 4030 Aus-

262 4072 348 4130 zuges
366 4074 417 4114 aus
435 4059 574 4144 losephus
593 4059 770 4118 Ambrosius
789 4059 835 4133 ist,
849 4059 928 4118 hiltte
947 4059 995 4117 nie
1015 4060 1175 4118 bezweifelt
1187 4061 1303 4118 werden
1319 4061 1423 4132 sollen,

263 4145 300 4202 da
319 4147 449 4204 derselbe
467 4148 561 4205 durch
580 4147 628 4206 die
645 4147 795 4206 Autorit'dt
808 4149 860 4208 der
872 4150 994 4210 ditesten
1010 4149 1239 4208 Handschriften
1253 4153 1296 4206 als
1309 4149 1424 4208 solcher

264 4235 432 4310 begleubigt
452 4235 523 4294 istu.
903 4272 906 4277 -

298 4326 337 4398 (2)
356 4323 540 4399 Hegesippus
557 4325 608 4400 qui
628 4324 737 4388 dicitur
750 4336 807 4383 etc.
824 4326 870 4383 ed.
882 4327 916 4384 C.
932 4328 966 4384 F.
976 4328 1095 4396 Weber,
1107 4345 1180 4400 opus
1194 4341 1289 4406 morte
1303 4327 1422 4386 Weberi

261 4414 456 4488 interruptum
477 4413 604 4472 absolvit
622 4412 716 4472 Julius
735 4414 852 4482 Caesar,
873 4415 1025 4491 Marburgi
1046 4416 1111 4474 tuot
1130 4435 1158 4490 p.
1172 4416 1222 4474 394
1240 4437 1283 4492 sq.
