3444 5132
845 1239 892 1309 11.

348 1427 549 1524 Scriptores
573 1427 732 1500 nonnulli
754 1427 879 1520 quibus
901 1427 1065 1499 Isidorus
1088 1451 1171 1498 usus
1195 1441 1246 1499 est
1268 1428 1407 1522 singuli

663 1596 668 1610 ·
756 1587 986 1646 recensentur.

721 1988 769 2043 DE
802 1985 1032 2044 sallustio

335 2368 473 2442 Sallusti
498 2368 624 2438 librum
648 2367 799 2440 debello
823 2367 1027 2460 Iugurthino
1046 2368 1090 2438 ab
1111 2366 1245 2438 Isidoro
1263 2368 1455 2440 adhibitum

292 2516 376 2582 esse,
398 2492 450 2562 bis
464 2509 598 2562 tantum
616 2491 767 2563 Grialius
791 2490 924 2560 monuit
943 2491 978 2561 in
997 2490 1275 2562 adnotationibus
1292 2494 1336 2562 ad
1355 2493 1452 2588 Orig.

290 2639 325 2708 9,
344 2638 377 2704 a,
400 2639 463 2708 ¹19
484 2619 539 2707 (z
554 2615 638 2688 Sall.
659 2615 702 2685 de
717 2617 751 2686 b.
776 2616 850 2707 lug.
879 2615 1021 2705 18‚1)et
1045 2619 1099 2702 15,
1123 2639 1175 2706 η,
1196 2638 1221 2704 4
1239 2619 1294 2708 l:
1308 2617 1391 2690 Sall.
1413 2619 1455 2688 de

292 2739 326 2808 b.
357 2739 385 2809 1.
420 2739 472 2828 18,
495 2739 553 2828 8);
585 2739 710 2830 quibus
734 2738 896 2831 exemplis
920 2760 1012 2808 nunc
1044 2739 1209 2809 accedunt
1232 2740 1330 2810 haec:
1354 2739 1451 2833 Orig.

292 2885 326 2954 9,
350 2884 382 2949 2,
416 2884 571 2932 seo-122
592 2865 643 2952 (1)
669 2889 711 2930 ::
738 2862 820 2946 Sall.
852 2863 954 2934 deb.
988 2853 1022 2933 1.'
1049 2864 1108 2953 18,
1137 2862 1225 2932 3-10
1257 2866 1326 2953 (a),
1356 2863 1452 2956 Orig.

1435 3075 1441 3112 l

327 3173 366 3244 (1)
388 3198 402 3224 «ι
421 3173 525 3230 Mauri
543 3183 570 3228 et
589 3172 745 3244 Numides‚
768 3183 799 3229 ut
816 3173 885 3250 Afri
900 3181 1014 3248 putent,
1033 3175 1077 3232 sic
1094 3182 1279 3250 sumpserunt
1297 3173 1453 3232 exordium

290 3272 319 3319 et
336 3261 515 3320 uocabulum.
535 3261 618 3318 Nom
633 3270 786 3336 postquam
807 3260 835 3318 in
853 3262 1004 3337 Hispania
1025 3262 1136 3320 interiit
1153 3263 1310 3334 Hercules,
1323 3273 1350 3320 et
1369 3281 1454 3321 exer·

291 3351 365 3409 citus
383 3353 445 3408 eius
464 3351 639 3426 compositus
657 3367 698 3407 ex
713 3350 811 3410 uariis¹
820 3352 955 3427 gentibus
973 3351 1082 3410 amisso
1096 3351 1168 3408 duce
1180 3349 1292 3426 passim
1305 3353 1362 3408 sibi
1374 3353 1456 3409 sedes

292 3439 476 3516 quaerebant,
495 3455 535 3495 ex
553 3455 587 3496 eo
606 3455 725 3511 numero
743 3438 827 3496 Medi
845 3449 874 3495 et
891 3439 1001 3496 Persae
1019 3449 1047 3495 et
1065 3439 1200 3496 Armenii
1225 3440 1344 3498 nauibus
1364 3440 1392 3496 in
1414 3442 1454 3498 A·

283 3527 398 3604 fricam
423 3527 577 3586 transuecti
598 3527 738 3602 proxima
764 3527 843 3584 mari
869 3528 931 3584 loca
959 3545 1143 3603 occupauere.
1165 3528 1225 3584 Sed
1251 3528 1360 3586 Persae
1385 3529 1454 3585 dum

292 3617 447 3674 materiam
477 3617 505 3673 iu
532 3618 618 3693 agris
641 3634 697 3692 pro
721 3617 921 3675 construendis
949 3617 1106 3675 domiciliis
1133 3635 1187 3675 non
1213 3617 1399 3688 inuenissent,
1427 3629 1456 3673 et

290 3705 397 3780 ignara
415 3706 518 3782 lingua
537 3705 743 3762 commercium
757 3705 934 3780 prohiberet,
950 3724 1007 3781 per
1020 3716 1152 3781 patentes
1170 3721 1262 3782 agros
1276 3716 1305 3762 et
1324 3706 1454 3765 diuersas

291 3793 459 3850 solitudines
477 3794 670 3870 uagabantur,
690 3803 717 3850 et
735 3812 753 3850 a
767 3794 1002 3868 pabulationibus
1015 3793 1197 3870 vagabundis
1210 3794 1379 3868 semetipsos
1387 3811 1456 3869 pro·

288 3880 357 3955 prio
375 3881 477 3957 lingua
496 3880 643 3938 Numides
660 3882 886 3957 appellauerunt,
907 3883 938 3938 id
953 3867 998 3939 est
1024 3882 1086 3939 siue
1112 3881 1218 3957 oppido
1243 3897 1334 3957 uagos
1357 3891 1386 3938 et
1408 3899 1453 3937 er-

290 3976 396 4027 rantes.
411 3970 494 4027 Medi
511 3981 609 4028 autem
627 3987 692 4028 cum
711 3969 819 4045 Libyis
831 3988 862 4028 se
877 3971 1063 4043 miscuerunt,
1078 3972 1128 4046 qui
1143 3971 1286 4046 proxima
1304 3969 1453 4048 Hispania

292 4059 496 4128 inhabitabant,
506 4076 628 4134 quorum
643 4075 744 4115 nomeu
753 4059 908 4133 paullatim
918 4059 1029 4134 Libyes
1039 4076 1205 4135 corrupere,
1216 4059 1339 4116 barbaro
1349 4058 1453 4134 lingna
1481 4099 1482 4107 i

291 4147 415 4205 Mauros
425 4158 546 4224 propter
558 4147 663 4204 Medos
683 4149 869 4225 appellantes,
883 4149 950 4204 licet
970 4149 1073 4206 Mauri
1093 4149 1128 4205 ob
1148 4149 1273 4205 colorem
1290 4165 1308 4206 a
1332 4147 1454 4205 Graecis
1485 4190 1492 4200 .

289 4249 450 4297 uoeeutnru
466 4251 520 4298 etc.

328 4329 365 4402 (a)
382 4327 464 4384 «Sed
477 4337 631 4403 postquam
651 4328 680 4384 in
698 4327 848 4403 Hispania
860 4327 1016 4397 Hercules,
1028 4328 1103 4386 sieut
1117 4327 1186 4404 Afri
1200 4337 1312 4403 putant,
1332 4327 1453 4399 interiit,

289 4416 437 4474 exereitus
455 4417 518 4474 eius
536 4417 712 4492 compositus
730 4435 771 4474 ex
788 4415 880 4475 uariis
897 4418 1043 4493 gentibus,
1062 4417 1171 4475 amisso
1189 4416 1261 4476 duce
1285 4435 1321 4475 ac
1341 4416 1454 4494 passim

290 4504 388 4561 multis
405 4503 462 4562 sibi
480 4503 598 4581 quisque
618 4504 773 4579 imperium
784 4504 956 4579 petentibus,
972 4504 1051 4564 breui
1059 4505 1207 4563 dilabitur.
1219 4505 1273 4562 Ex
1287 4523 1320 4562 eo
1334 4522 1453 4562 numero

1509 3678 1537 3724 Q
