3444 5132
309 1179 515 1272 Exponitur
532 1203 599 1272 quo
619 1181 756 1250 ratione
774 1181 937 1251 Isidorus
956 1205 1038 1252 usus
1066 1183 1115 1253 sit
1135 1183 1171 1253 in
1191 1184 1427 1256 exscribendo.
1521 1259 1526 1273 ,

331 1501 485 1589 Septimo
508 1503 642 1572 saeculo
664 1503 801 1572 ineunte
823 1523 904 1572 cum
931 1502 1117 1572 litterarum
1145 1504 1298 1574 studium
1316 1503 1452 1594 penitus

140 1649 143 1659 ’
181 1663 183 1670 >
286 1625 407 1694 iaceret
430 1626 619 1716 neglectum
644 1641 676 1694 et
699 1624 851 1718 gentium
875 1625 1101 1694 barbararum
1134 1625 1387 1696 incursionibus
1413 1649 1453 1695 ex

288 1749 456 1842 Hispania
483 1768 571 1820 terra
594 1773 715 1822 omnes
738 1752 847 1821 bonae
862 1767 950 1820 artes
969 1767 1134 1840 tanquam
1154 1749 1341 1820 inexilium
1359 1765 1452 1818 actae

286 1890 397 1943 essent
421 1873 574 1944 Isidorus
600 1874 816 1967 Hispalensis
848 1873 988 1945 antistes
1024 1876 1228 1944 collectanea
1252 1872 1452 1944 eruditionis

286 2017 452 2087 perquam
483 1996 595 2066 variae
627 1997 791 2068 conficere
819 2019 995 2090 aggressus
1019 2014 1081 2067 est.
1114 1997 1218 2086 Quae
1244 2013 1280 2065 ut
1304 2019 1448 2090 compo-

286 2135 391 2207 neret,
419 2119 557 2190 Braulio
580 2119 917 2213 Caesaraugustanus
941 2119 1119 2212 episcopus
1143 2141 1221 2190 eum
1246 2121 1449 2211 rogavit(1);
1532 2161 1534 2170 ,

285 2241 418 2312 videtur
439 2261 554 2314 tamen
579 2244 732 2314 Isidorus
753 2245 840 2314 inter
863 2246 1042 2338 legendum
1063 2245 1132 2316 iam
1151 2261 1250 2314 antea
1273 2267 1313 2314 ex
1335 2262 1449 2313 aucto-

285 2365 379 2435 ribus
402 2367 604 2460 excerpsisse
627 2391 680 2438 res
699 2385 816 2438 notatu
839 2369 959 2461 dignas
978 2385 1080 2459 atque
1099 2367 1272 2461 collegisse
1291 2369 1383 2438 locos
1406 2368 1451 2436 ad

284 2491 523 2584 etymologiam
546 2493 762 2586 pertinentes,
788 2509 820 2563 et
843 2493 888 2562 ita
911 2492 1089 2580 paullatim
1112 2516 1153 2562 eo
1176 2492 1381 2585 pervenisse,
1414 2508 1452 2561 ut
1487 2575 1491 2582 Ι

286 2616 468 2688 Braulione
487 2634 618 2710 petente
641 2634 673 2689 et
698 2641 737 2688 ex
759 2617 872 2688 verbis
891 2617 960 2688 iam
985 2617 1138 2709 undique
1162 2618 1347 2714 exscriptis,
1361 2601 1393 2686 et
1411 2639 1451 2686 ex
1481 2617 1494 2672 l

285 2739 381 2809 novis
407 2741 488 2810 locis
512 2741 807 2834 Etymologiarum
827 2741 931 2811 libros
955 2740 1189 2810 concinnaret.

329 2863 382 2932 Ita
412 2887 430 2934 e
462 2865 621 2936 manibus
653 2863 776 2934 Isidori
804 2887 890 2958 opus
918 2864 1045 2956 prodiit
1082 2891 1096 2926 a
1126 2863 1167 2933 de
1203 2863 1332 2956 origine
1361 2885 1448 2956 qua·

283 2988 431 3057 rundam
456 3009 572 3058 rerum
603 3017 635 3076 u,
669 3004 705 3056 ut
736 2990 807 3080 ipse
843 2987 962 3057 asserit
998 3016 1013 3052 a
1051 3011 1093 3058 ex
1124 2987 1251 3058 veteris
1288 2987 1449 3059 lectionis

284 3110 526 3182 recordatione
550 3110 729 3181 collectum
754 3121 857 3204 atque
884 3112 935 3181 ita
966 3112 1001 3180 in
1032 3111 1237 3203 quibusdam
1275 3112 1362 3182 locis
1384 3135 1447 3182 on-

283 3245 441 3304 notutum
474 3235 568 3338 sicut
600 3245 716 3304 exstat
747 3235 982 3330 conscriptum
1016 3235 1102 3304 stilo
1137 3235 1310 3306 maiorum
1341 3263 1362 3299 n
1381 3237 1445 3326 (a).

283 3359 394 3429 Nobis
433 3382 514 3461 vero
548 3359 607 3452 qui
640 3359 675 3428 in
712 3359 871 3429 eruendis
904 3357 1099 3428 auctoribus
1133 3381 1331 3448 versamur,
1361 3355 1448 3450 quos

283 3481 436 3552 Isidorus
476 3484 711 3576 compilandos
745 3482 809 3553 sib'i
850 3481 1059 3576 proposuit,
1099 3480 1194 3551 liceat
1235 3482 1304 3552 iam
1344 3482 1446 3574 paul-

281 3607 390 3677 lulum
415 3607 635 3677 subdubitare
663 3608 704 3677 de
733 3607 799 3677 fide
829 3628 868 3676 ac
897 3606 1035 3677 veritate
1072 3605 1209 3675 illorum
1231 3606 1415 3676 verborum
1440 3631 1456 3704 :¹

282 3753 370 3823 quae
411 3731 437 3801 si
469 3753 652 3823 sequamur
689 3730 797 3801 maior
820 3730 1004 3823 Originum
1041 3752 1121 3822 pars
1155 3728 1279 3800 Isidori
1312 3729 1448 3822 ingenio

283 3931 434 3944 *-

316 4056 353 4126 (r)
373 4053 418 4111 Cf.
440 4051 608 4110 Braulionis
628 4063 789 4126 praenotat.
810 4051 956 4110 librorum
977 4054 1005 4112 d.
1020 4052 1142 4112 Isidori:
1156 4051 1447 4128 «Etymologiarum
1556 4113 1560 4120 ,

281 4142 408 4200 codicem
427 4141 519 4199 m'mia
538 4139 748 4218 magnitudine,
770 4139 938 4198 dr'stinctum
956 4142 993 4199 ab
1011 4159 1045 4199 eo
1064 4141 1164 4214 tituIIs,
1182 4160 1235 4200 non
1255 4140 1347 4198 libris.
1364 4139 1448 4212 Quod

281 4230 348 4306 quia
367 4240 475 4306 rogatu
494 4246 558 4286 meo
567 4228 655 4304 fecit,
673 4227 805 4303 quamvls
826 4227 1026 4304 imperfectum
1043 4230 1102 4305 ipse
1117 4228 1278 4306 reliquerit,
1292 4245 1349 4305 ego
1369 4227 1397 4284 iu
1411 4243 1448 4286 xx

282 4317 370 4376 libros
388 4319 476 4376 dluisi
491 4344 516 4376 s.

319 4410 356 4478 (a)
378 4409 485 4466 lsidori
504 4409 586 4482 epist.
610 4409 659 4477 lv1l
679 4409 716 4465 ad
736 4407 926 4466 Braulionern
948 4408 1037 4482 episc.
