<?xml version="1.0" encoding="UTF-8"?>
<!DOCTYPE html PUBLIC "-//W3C//DTD XHTML 1.0 Transitional//EN"
    "http://www.w3.org/TR/xhtml1/DTD/xhtml1-transitional.dtd">
<html xmlns="http://www.w3.org/1999/xhtml" xml:lang="en" lang="en">
 <head>
  <title>
</title>
<meta http-equiv="Content-Type" content="text/html;charset=utf-8" />
  <meta name='ocr-system' content='tesseract 3.04.00' />
  <meta name='ocr-capabilities' content='ocr_page ocr_carea ocr_par ocr_line ocrx_word'/>
</head>
<body>
  <div class='ocr_page' id='page_1' title='image "./deisidoriorigin00dresgoog_0024.png"; bbox 0 0 3444 5132; ppageno 0'>
   <div class='ocr_carea' id='block_1_1' title="bbox 242 293 1508 1108">
    <p class='ocr_par' dir='ltr' id='par_1_1' title="bbox 242 293 1508 1108">
     <span class='ocr_line' id='line_1_1' title="bbox 799 293 934 352; baseline 0.015 -16"><span class='ocrx_word' id='word_1_1' title='bbox 799 325 833 336; x_wconf 88' lang='grc'><strong>..</strong></span> <span class='ocrx_word' id='word_1_2' title='bbox 850 293 883 352; x_wconf 75' lang='lat'><strong>13</strong></span> <span class='ocrx_word' id='word_1_3' title='bbox 900 327 934 338; x_wconf 93' lang='lat'><strong>..</strong></span> 
     </span>
     <span class='ocr_line' id='line_1_2' title="bbox 293 414 1452 510; baseline -0.003 -21"><span class='ocrx_word' id='word_1_4' title='bbox 293 441 346 508; x_wconf 91' lang='lat'><strong>14,</strong></span> <span class='ocrx_word' id='word_1_5' title='bbox 360 422 392 507; x_wconf 85' lang='lat'><strong>5,</strong></span> <span class='ocrx_word' id='word_1_6' title='bbox 413 441 451 510; x_wconf 89' lang='lat'><strong>17</strong></span> <span class='ocrx_word' id='word_1_7' title='bbox 473 418 538 488; x_wconf 81' lang='lat' dir='ltr'><strong>sub</strong></span> <span class='ocrx_word' id='word_1_8' title='bbox 555 418 614 487; x_wconf 91' lang='lat' dir='ltr'><strong>fin.</strong></span> <span class='ocrx_word' id='word_1_9' title='bbox 636 419 738 507; x_wconf 87' lang='lat'>(1)::</span> <span class='ocrx_word' id='word_1_10' title='bbox 753 415 835 488; x_wconf 87' lang='lat' dir='ltr'><strong>Sall.</strong></span> <span class='ocrx_word' id='word_1_11' title='bbox 853 414 896 484; x_wconf 88' lang='lat' dir='ltr'><strong>de</strong></span> <span class='ocrx_word' id='word_1_12' title='bbox 914 416 949 485; x_wconf 95' lang='lat' dir='ltr'><strong>b.</strong></span> <span class='ocrx_word' id='word_1_13' title='bbox 972 415 1001 484; x_wconf 91' lang='lat'><strong>1.</strong></span> <span class='ocrx_word' id='word_1_14' title='bbox 1030 437 1082 508; x_wconf 83' lang='lat'><strong>19,</strong></span> <span class='ocrx_word' id='word_1_15' title='bbox 1103 417 1169 503; x_wconf 85' lang='grc'><strong>4-6</strong></span> <span class='ocrx_word' id='word_1_16' title='bbox 1188 417 1261 505; x_wconf 80' lang='lat'>(2)3</span> <span class='ocrx_word' id='word_1_17' title='bbox 1277 432 1452 507; x_wconf 87' lang='lat' dir='ltr'><strong>praeterea</strong></span> 
     </span>
     <span class='ocr_line' id='line_1_3' title="bbox 242 522 1450 630; baseline -0.008 -12"><span class='ocrx_word' id='word_1_18' title='bbox 242 522 245 534; x_wconf 83' lang='lat'><em>&#39;</em></span> <span class='ocrx_word' id='word_1_19' title='bbox 286 541 467 618; x_wconf 82' lang='lat' dir='ltr'><strong>Sallustius</strong></span> <span class='ocrx_word' id='word_1_20' title='bbox 481 541 746 626; x_wconf 70' lang='lat' dir='ltr'><strong>tonsuratores</strong></span> <span class='ocrx_word' id='word_1_21' title='bbox 761 541 814 630; x_wconf 71' lang='lat' dir='ltr'><strong>rs,</strong></span> <span class='ocrx_word' id='word_1_22' title='bbox 831 540 884 624; x_wconf 70' lang='lat' dir='ltr'><strong>ts,</strong></span> <span class='ocrx_word' id='word_1_23' title='bbox 905 541 927 610; x_wconf 84' lang='lat' dir='ltr'><strong>s</strong></span> <span class='ocrx_word' id='word_1_24' title='bbox 951 538 1024 610; x_wconf 80' lang='lat' dir='ltr'><strong>init.</strong></span> <span class='ocrx_word' id='word_1_25' title='bbox 1044 542 1099 628; x_wconf 57' lang='grc' dir='ltr'><strong>(ε</strong></span> <span class='ocrx_word' id='word_1_26' title='bbox 1113 540 1155 609; x_wconf 77' lang='lat' dir='ltr'><strong>ae</strong></span> <span class='ocrx_word' id='word_1_27' title='bbox 1170 540 1204 610; x_wconf 79' lang='lat' dir='ltr'><strong>s.</strong></span> <span class='ocrx_word' id='word_1_28' title='bbox 1226 539 1254 609; x_wconf 93' lang='lat'><strong>1.</strong></span> <span class='ocrx_word' id='word_1_29' title='bbox 1273 539 1450 630; x_wconf 55' lang='lat' dir='ltr'><strong>aaran</strong></span> 
     </span>
     <span class='ocr_line' id='line_1_4' title="bbox 289 661 1063 755; baseline -0.004 -20"><span class='ocrx_word' id='word_1_30' title='bbox 289 682 326 735; x_wconf 89' lang='lat' dir='ltr'><strong>ut</strong></span> <span class='ocrx_word' id='word_1_31' title='bbox 348 665 391 736; x_wconf 91' lang='lat' dir='ltr'><strong>de</strong></span> <span class='ocrx_word' id='word_1_32' title='bbox 406 668 452 736; x_wconf 79' lang='lat' dir='ltr'><strong>&#39;ea</strong></span> <span class='ocrx_word' id='word_1_33' title='bbox 475 687 512 736; x_wconf 88' lang='lat' dir='ltr'><strong>re</strong></span> <span class='ocrx_word' id='word_1_34' title='bbox 534 663 699 736; x_wconf 84' lang='lat' dir='ltr'>dubitatio</span> <span class='ocrx_word' id='word_1_35' title='bbox 723 663 934 755; x_wconf 84' lang='lat' dir='ltr'><strong>relinquatur</strong></span> <span class='ocrx_word' id='word_1_36' title='bbox 957 661 1063 732; x_wconf 89' lang='lat' dir='ltr'><strong>nulla.</strong></span> 
     </span>
     <span class='ocr_line' id='line_1_5' title="bbox 333 785 1452 880; baseline -0.004 -24"><span class='ocrx_word' id='word_1_37' title='bbox 333 788 423 860; x_wconf 89' lang='lat' dir='ltr'><strong>lllud</strong></span> <span class='ocrx_word' id='word_1_38' title='bbox 444 788 545 880; x_wconf 88' lang='lat' dir='ltr'><strong>igitur</strong></span> <span class='ocrx_word' id='word_1_39' title='bbox 570 786 669 857; x_wconf 92' lang='lat' dir='ltr'><strong>nobis</strong></span> <span class='ocrx_word' id='word_1_40' title='bbox 693 785 929 876; x_wconf 89' lang='lat' dir='ltr'><strong>quaerendum</strong></span> <span class='ocrx_word' id='word_1_41' title='bbox 956 801 1070 874; x_wconf 88' lang='lat' dir='ltr'><strong>restat,</strong></span> <span class='ocrx_word' id='word_1_42' title='bbox 1092 801 1208 856; x_wconf 88' lang='lat' dir='ltr'><strong>utrum</strong></span> <span class='ocrx_word' id='word_1_43' title='bbox 1229 801 1262 854; x_wconf 89' lang='lat' dir='ltr'><strong>et</strong></span> <span class='ocrx_word' id='word_1_44' title='bbox 1284 802 1452 875; x_wconf 89' lang='lat' dir='ltr'><strong>quatenus</strong></span> 
     </span>
     <span class='ocr_line' id='line_1_6' title="bbox 293 905 1453 997; baseline 0 -17"><span class='ocrx_word' id='word_1_45' title='bbox 293 910 525 982; x_wconf 80' lang='lat' dir='ltr'>Historiarum</span> <span class='ocrx_word' id='word_1_46' title='bbox 548 910 653 980; x_wconf 89' lang='lat' dir='ltr'><strong>libros</strong></span> <span class='ocrx_word' id='word_1_47' title='bbox 676 909 712 980; x_wconf 91' lang='lat' dir='ltr'><strong>in</strong></span> <span class='ocrx_word' id='word_1_48' title='bbox 734 927 846 997; x_wconf 87' lang='lat' dir='ltr'><strong>partes</strong></span> <span class='ocrx_word' id='word_1_49' title='bbox 872 907 1041 978; x_wconf 85' lang='lat' dir='ltr'><strong>vocaverit</strong></span> <span class='ocrx_word' id='word_1_50' title='bbox 1064 908 1218 979; x_wconf 83' lang='lat' dir='ltr'>Isidorus</span> <span class='ocrx_word' id='word_1_51' title='bbox 1241 949 1286 962; x_wconf 84' lang='lat'><strong>--</strong></span> <span class='ocrx_word' id='word_1_52' title='bbox 1309 930 1390 980; x_wconf 90' lang='lat' dir='ltr'><strong>nam</strong></span> <span class='ocrx_word' id='word_1_53' title='bbox 1414 905 1453 980; x_wconf 85' lang='lat' dir='ltr'><strong>ex</strong></span> 
     </span>
     <span class='ocr_line' id='line_1_7' title="bbox 287 1032 1508 1108; baseline -0.002 -3"><span class='ocrx_word' id='word_1_54' title='bbox 287 1035 375 1106; x_wconf 89' lang='lat' dir='ltr'><strong>libro</strong></span> <span class='ocrx_word' id='word_1_55' title='bbox 393 1037 435 1106; x_wconf 89' lang='lat' dir='ltr'><strong>de</strong></span> <span class='ocrx_word' id='word_1_56' title='bbox 458 1035 692 1106; x_wconf 87' lang='lat' dir='ltr'><strong>coniuratione</strong></span> <span class='ocrx_word' id='word_1_57' title='bbox 710 1034 878 1106; x_wconf 83' lang='lat' dir='ltr'><strong>Catilinae</strong></span> <span class='ocrx_word' id='word_1_58' title='bbox 901 1033 992 1108; x_wconf 83' lang='lat' dir='ltr'><strong>nihil</strong></span> <span class='ocrx_word' id='word_1_59' title='bbox 1005 1056 1086 1104; x_wconf 88' lang='lat' dir='ltr'><strong>eum</strong></span> <span class='ocrx_word' id='word_1_60' title='bbox 1105 1032 1260 1103; x_wconf 83' lang='lat' dir='ltr'><strong>hausisse</strong></span> <span class='ocrx_word' id='word_1_61' title='bbox 1279 1033 1357 1104; x_wconf 88' lang='lat' dir='ltr'><strong>inde</strong></span> <span class='ocrx_word' id='word_1_62' title='bbox 1378 1055 1451 1106; x_wconf 87' lang='lat' dir='ltr'><strong>cre·</strong></span> <span class='ocrx_word' id='word_1_63' title='bbox 1506 1052 1508 1069; x_wconf 80' lang='lat'><strong>¹</strong></span> 
     </span>
    </p>
   </div>
   <div class='ocr_carea' id='block_1_2' title="bbox 178 1146 1559 1994">
    <p class='ocr_par' dir='ltr' id='par_1_2' title="bbox 287 1146 1451 1251">
     <span class='ocr_line' id='line_1_8' title="bbox 287 1146 1451 1251; baseline -0.003 -21"><span class='ocrx_word' id='word_1_64' title='bbox 287 1161 444 1250; x_wconf 88' lang='lat' dir='ltr'><strong>diderim,</strong></span> <span class='ocrx_word' id='word_1_65' title='bbox 478 1162 573 1251; x_wconf 90' lang='lat' dir='ltr'><strong>quod</strong></span> <span class='ocrx_word' id='word_1_66' title='bbox 604 1183 684 1230; x_wconf 89' lang='lat' dir='ltr'><strong>cum</strong></span> <span class='ocrx_word' id='word_1_67' title='bbox 717 1159 869 1230; x_wconf 89' lang='lat' dir='ltr'><strong>eiusdem</strong></span> <span class='ocrx_word' id='word_1_68' title='bbox 894 1146 976 1228; x_wconf 84' lang='lat' dir='ltr'><strong>libri</strong></span> <span class='ocrx_word' id='word_1_69' title='bbox 1015 1157 1204 1250; x_wconf 84' lang='lat' dir='ltr'><strong>fragmenta</strong></span> <span class='ocrx_word' id='word_1_70' title='bbox 1221 1160 1325 1228; x_wconf 66' lang='lat' dir='ltr'><strong>&#39;nulla</strong></span> <span class='ocrx_word' id='word_1_71' title='bbox 1357 1157 1451 1227; x_wconf 89' lang='lat' dir='ltr'><strong>inve-</strong></span> 
     </span>
    </p>

    <p class='ocr_par' dir='ltr' id='par_1_3' title="bbox 178 1281 1455 1614">
     <span class='ocr_line' id='line_1_9' title="bbox 178 1281 1455 1376; baseline 0 -26"><span class='ocrx_word' id='word_1_72' title='bbox 178 1344 181 1350; x_wconf 87' lang='lat'><em>.</em></span> <span class='ocrx_word' id='word_1_73' title='bbox 288 1282 425 1354; x_wconf 91' lang='lat' dir='ltr'><strong>niantur</strong></span> <span class='ocrx_word' id='word_1_74' title='bbox 460 1284 495 1353; x_wconf 91' lang='lat' dir='ltr'><strong>in</strong></span> <span class='ocrx_word' id='word_1_75' title='bbox 531 1282 744 1376; x_wconf 82' lang='lat' dir='ltr'><strong>Originibus,</strong></span> <span class='ocrx_word' id='word_1_76' title='bbox 778 1281 975 1356; x_wconf 80' lang='lat' dir='ltr'><strong>Sallustiani</strong></span> <span class='ocrx_word' id='word_1_77' title='bbox 1008 1281 1176 1374; x_wconf 87' lang='lat' dir='ltr'><strong>prooemii</strong></span> <span class='ocrx_word' id='word_1_78' title='bbox 1200 1281 1303 1351; x_wconf 89' lang='lat' dir='ltr'><strong>verba</strong></span> <span class='ocrx_word' id='word_1_79' title='bbox 1331 1309 1347 1345; x_wconf 81' lang='lat' dir='ltr'><strong>a</strong></span> <span class='ocrx_word' id='word_1_80' title='bbox 1368 1303 1455 1374; x_wconf 81' lang='lat' dir='ltr'><strong>qaae</strong></span> 
     </span>
     <span class='ocr_line' id='line_1_10' title="bbox 288 1406 1454 1502; baseline -0.002 -24"><span class='ocrx_word' id='word_1_81' title='bbox 288 1421 418 1479; x_wconf 87' lang='lat' dir='ltr'><strong>natura</strong></span> <span class='ocrx_word' id='word_1_82' title='bbox 427 1431 543 1502; x_wconf 89' lang='lat' dir='ltr'><strong>prona</strong></span> <span class='ocrx_word' id='word_1_83' title='bbox 562 1421 597 1480; x_wconf 90' lang='lat' dir='ltr'><strong>et</strong></span> <span class='ocrx_word' id='word_1_84' title='bbox 610 1408 726 1480; x_wconf 83' lang='lat' dir='ltr'><strong>uentri</strong></span> <span class='ocrx_word' id='word_1_85' title='bbox 739 1406 933 1479; x_wconf 88' lang='lat' dir='ltr'><strong>obedientia</strong></span> <span class='ocrx_word' id='word_1_86' title='bbox 949 1406 1090 1498; x_wconf 75' lang='lat' dir='ltr'><strong>pinxit»</strong></span> <span class='ocrx_word' id='word_1_87' title='bbox 1110 1408 1154 1479; x_wconf 89' lang='lat' dir='ltr'><strong>acl</strong></span> <span class='ocrx_word' id='word_1_88' title='bbox 1176 1429 1229 1496; x_wconf 86' lang='lat'><strong>11,</strong></span> <span class='ocrx_word' id='word_1_89' title='bbox 1258 1430 1286 1495; x_wconf 90' lang='lat' dir='ltr'><strong>t,</strong></span> <span class='ocrx_word' id='word_1_90' title='bbox 1311 1409 1329 1476; x_wconf 91' lang='lat'><strong>5</strong></span> <span class='ocrx_word' id='word_1_91' title='bbox 1350 1407 1454 1476; x_wconf 90' lang='lat' dir='ltr'><strong>relata</strong></span> 
     </span>
     <span class='ocr_line' id='line_1_11' title="bbox 288 1527 1255 1614; baseline 0.001 -12"><span class='ocrx_word' id='word_1_92' title='bbox 288 1532 381 1602; x_wconf 90' lang='lat' dir='ltr'><strong>haud</strong></span> <span class='ocrx_word' id='word_1_93' title='bbox 404 1530 542 1614; x_wconf 88' lang='lat' dir='ltr'><strong>scioan</strong></span> <span class='ocrx_word' id='word_1_94' title='bbox 565 1531 763 1602; x_wconf 86' lang='lat' dir='ltr'><strong>memoriter</strong></span> <span class='ocrx_word' id='word_1_95' title='bbox 786 1548 921 1603; x_wconf 92' lang='lat' dir='ltr'><strong>tantum</strong></span> <span class='ocrx_word' id='word_1_96' title='bbox 946 1530 1013 1600; x_wconf 86' lang='lat' dir='ltr'><strong>sint</strong></span> <span class='ocrx_word' id='word_1_97' title='bbox 1037 1527 1184 1602; x_wconf 89' lang='lat' dir='ltr'><strong>laudata.</strong></span> <span class='ocrx_word' id='word_1_98' title='bbox 1242 1562 1255 1603; x_wconf 73' lang='lat' dir='ltr'><strong>r</strong></span> 
     </span>
    </p>

    <p class='ocr_par' dir='ltr' id='par_1_4' title="bbox 230 1654 1559 1994">
     <span class='ocr_line' id='line_1_12' title="bbox 333 1654 1559 1748; baseline -0.004 -23"><span class='ocrx_word' id='word_1_99' title='bbox 333 1658 387 1726; x_wconf 87' lang='lat' dir='ltr'><strong>Ac</strong></span> <span class='ocrx_word' id='word_1_100' title='bbox 406 1657 562 1748; x_wconf 90' lang='lat' dir='ltr'><strong>primum</strong></span> <span class='ocrx_word' id='word_1_101' title='bbox 586 1657 727 1747; x_wconf 91' lang='lat' dir='ltr'><strong>quidem</strong></span> <span class='ocrx_word' id='word_1_102' title='bbox 746 1657 774 1724; x_wconf 91' lang='lat' dir='ltr'><strong>si</strong></span> <span class='ocrx_word' id='word_1_103' title='bbox 799 1654 1049 1724; x_wconf 54' lang='lat' dir='ltr'><strong>Historiarum*</strong></span> <span class='ocrx_word' id='word_1_104' title='bbox 1067 1670 1226 1724; x_wconf 89' lang='lat' dir='ltr'><strong>naturam</strong></span> <span class='ocrx_word' id='word_1_105' title='bbox 1246 1670 1452 1746; x_wconf 84' lang='lat' dir='ltr'><strong>spectamus,</strong></span> <span class='ocrx_word' id='word_1_106' title='bbox 1503 1686 1506 1692; x_wconf 95' lang='lat'>·</span> <span class='ocrx_word' id='word_1_107' title='bbox 1558 1691 1559 1694; x_wconf 61' lang='lat'><em>=</em></span> 
     </span>
     <span class='ocr_line' id='line_1_13' title="bbox 289 1777 1456 1871; baseline -0.003 -24"><span class='ocrx_word' id='word_1_108' title='bbox 289 1796 457 1871; x_wconf 90' lang='lat' dir='ltr'><strong>quantum</strong></span> <span class='ocrx_word' id='word_1_109' title='bbox 471 1801 509 1849; x_wconf 81' lang='lat' dir='ltr'><strong>ex</strong></span> <span class='ocrx_word' id='word_1_110' title='bbox 529 1801 648 1849; x_wconf 90' lang='lat' dir='ltr'><strong>earum</strong></span> <span class='ocrx_word' id='word_1_111' title='bbox 661 1777 861 1870; x_wconf 84' lang='lat' dir='ltr'><strong>fragmentis</strong></span> <span class='ocrx_word' id='word_1_112' title='bbox 880 1777 990 1868; x_wconf 85' lang='lat' dir='ltr'><strong>colligi</strong></span> <span class='ocrx_word' id='word_1_113' title='bbox 1006 1793 1127 1868; x_wconf 89' lang='lat' dir='ltr'><strong>potest,</strong></span> <span class='ocrx_word' id='word_1_114' title='bbox 1150 1799 1264 1847; x_wconf 80' lang='lat' dir='ltr'><strong>rerunt</strong></span> <span class='ocrx_word' id='word_1_115' title='bbox 1284 1795 1456 1867; x_wconf 87' lang='lat' dir='ltr'><strong>gestarum</strong></span> 
     </span>
     <span class='ocr_line' id='line_1_14' title="bbox 230 1897 1454 1994; baseline 0.002 -24"><span class='ocrx_word' id='word_1_116' title='bbox 230 1938 232 1942; x_wconf 85' lang='grc'><em>·</em></span> <span class='ocrx_word' id='word_1_117' title='bbox 289 1901 519 1972; x_wconf 87' lang='lat' dir='ltr'><strong>narrationem</strong></span> <span class='ocrx_word' id='word_1_118' title='bbox 534 1899 692 1994; x_wconf 83' lang='lat' dir='ltr'><strong>plurimis</strong></span> <span class='ocrx_word' id='word_1_119' title='bbox 715 1920 854 1970; x_wconf 87' lang='lat' dir='ltr'><strong>ornasse</strong></span> <span class='ocrx_word' id='word_1_120' title='bbox 873 1898 1140 1991; x_wconf 83' lang='lat' dir='ltr'><strong>digressionibus</strong></span> <span class='ocrx_word' id='word_1_121' title='bbox 1152 1897 1352 1972; x_wconf 86' lang='lat' dir='ltr'><strong>Sallustium</strong></span> <span class='ocrx_word' id='word_1_122' title='bbox 1371 1919 1454 1972; x_wconf 86' lang='lat' dir='ltr'><strong>eou-</strong></span> 
     </span>
    </p>
   </div>
   <div class='ocr_carea' id='block_1_3' title="bbox 289 2077 442 2088">
    <p class='ocr_par' dir='ltr' id='par_1_5' title="bbox 289 2077 442 2088">
     <span class='ocr_line' id='line_1_15' title="bbox 289 2077 442 2088; baseline -0.013 0"><span class='ocrx_word' id='word_1_123' title='bbox 289 2077 442 2088; x_wconf 52' lang='lat' dir='ltr'><strong>,um-...n-</strong></span> 
     </span>
    </p>
   </div>
   <div class='ocr_carea' id='block_1_4' title="bbox 225 2157 1540 4484">
    <p class='ocr_par' dir='ltr' id='par_1_6' title="bbox 623 2157 1391 2180">
     <span class='ocr_line' id='line_1_16' title="bbox 623 2157 1391 2180; baseline -0.005 4"><span class='ocrx_word' id='word_1_124' title='bbox 623 2166 626 2172; x_wconf 94' lang='lat'>&#39;</span> <span class='ocrx_word' id='word_1_125' title='bbox 1381 2157 1391 2180; x_wconf 63' lang='grc' dir='ltr'><em>Ι</em></span> 
     </span>
    </p>

    <p class='ocr_par' dir='ltr' id='par_1_7' title="bbox 290 2188 1458 2359">
     <span class='ocr_line' id='line_1_17' title="bbox 291 2188 1457 2270; baseline -0.003 -18"><span class='ocrx_word' id='word_1_126' title='bbox 291 2195 384 2266; x_wconf 82' lang='lat' dir='ltr'><strong>Medi,</strong></span> <span class='ocrx_word' id='word_1_127' title='bbox 403 2195 512 2253; x_wconf 89' lang='lat' dir='ltr'><strong>Persae</strong></span> <span class='ocrx_word' id='word_1_128' title='bbox 530 2205 558 2252; x_wconf 90' lang='lat' dir='ltr'><strong>et</strong></span> <span class='ocrx_word' id='word_1_129' title='bbox 575 2195 726 2265; x_wconf 91' lang='lat' dir='ltr'><strong>Armenii,</strong></span> <span class='ocrx_word' id='word_1_130' title='bbox 754 2194 873 2254; x_wconf 89' lang='lat' dir='ltr'><strong>naribus</strong></span> <span class='ocrx_word' id='word_1_131' title='bbox 899 2193 928 2249; x_wconf 92' lang='lat' dir='ltr'><strong>in</strong></span> <span class='ocrx_word' id='word_1_132' title='bbox 945 2193 1081 2270; x_wconf 77' lang='lat' dir='ltr'><strong>Africam</strong></span> <span class='ocrx_word' id='word_1_133' title='bbox 1107 2188 1261 2249; x_wconf 80' lang='lat' dir='ltr'><strong>transuecti</strong></span> <span class='ocrx_word' id='word_1_134' title='bbox 1270 2233 1278 2264; x_wconf 94' lang='lat'><strong>,</strong></span> <span class='ocrx_word' id='word_1_135' title='bbox 1294 2206 1457 2266; x_wconf 87' lang='lat' dir='ltr'><strong>proxumos</strong></span> 
     </span>
     <span class='ocr_line' id='line_1_18' title="bbox 290 2279 1458 2359; baseline -0.006 -19"><span class='ocrx_word' id='word_1_136' title='bbox 290 2293 387 2342; x_wconf 89' lang='lat' dir='ltr'><strong>nostro</strong></span> <span class='ocrx_word' id='word_1_137' title='bbox 406 2285 485 2342; x_wconf 89' lang='lat' dir='ltr'><strong>mari</strong></span> <span class='ocrx_word' id='word_1_138' title='bbox 502 2283 579 2342; x_wconf 87' lang='lat' dir='ltr'><strong>locos</strong></span> <span class='ocrx_word' id='word_1_139' title='bbox 595 2300 781 2359; x_wconf 79' lang='lat' dir='ltr'><strong>occupauere.</strong></span> <span class='ocrx_word' id='word_1_140' title='bbox 801 2281 860 2340; x_wconf 89' lang='lat' dir='ltr'><strong>Sed</strong></span> <span class='ocrx_word' id='word_1_141' title='bbox 878 2281 988 2340; x_wconf 88' lang='lat' dir='ltr'><strong>Persae</strong></span> <span class='ocrx_word' id='word_1_142' title='bbox 1008 2281 1083 2338; x_wconf 85' lang='lat' dir='ltr'><strong>inter</strong></span> <span class='ocrx_word' id='word_1_143' title='bbox 1095 2279 1241 2338; x_wconf 79' lang='lat' dir='ltr'><strong>Oceanum</strong></span> <span class='ocrx_word' id='word_1_144' title='bbox 1256 2279 1366 2354; x_wconf 67' lang='lat' dir='ltr'><strong>magis·</strong></span> <span class='ocrx_word' id='word_1_145' title='bbox 1381 2279 1458 2354; x_wconf 76' lang='lat' dir='ltr'><strong>iique</strong></span> 
     </span>
    </p>

    <p class='ocr_par' dir='ltr' id='par_1_8' title="bbox 225 2368 1460 3244">
     <span class='ocr_line' id='line_1_19' title="bbox 225 2368 1458 2448; baseline -0.006 -16"><span class='ocrx_word' id='word_1_146' title='bbox 225 2375 229 2386; x_wconf 93' lang='lat'>&#39;</span> <span class='ocrx_word' id='word_1_147' title='bbox 289 2372 386 2434; x_wconf 84' lang='lat' dir='ltr'><strong>alueos</strong></span> <span class='ocrx_word' id='word_1_148' title='bbox 403 2373 520 2434; x_wconf 85' lang='lat' dir='ltr'><strong>narium</strong></span> <span class='ocrx_word' id='word_1_149' title='bbox 540 2373 668 2432; x_wconf 80' lang='lat' dir='ltr'><strong>invorsos</strong></span> <span class='ocrx_word' id='word_1_150' title='bbox 683 2390 740 2448; x_wconf 89' lang='lat' dir='ltr'><strong>pro</strong></span> <span class='ocrx_word' id='word_1_151' title='bbox 758 2371 889 2448; x_wconf 79' lang='lat' dir='ltr'><strong>tuguriis</strong></span> <span class='ocrx_word' id='word_1_152' title='bbox 913 2371 1049 2442; x_wconf 79' lang='lat' dir='ltr'><strong>habuere,</strong></span> <span class='ocrx_word' id='word_1_153' title='bbox 1074 2370 1144 2446; x_wconf 82' lang='lat' dir='ltr'><strong>qnia</strong></span> <span class='ocrx_word' id='word_1_154' title='bbox 1169 2386 1257 2444; x_wconf 83' lang='lat' dir='ltr'><strong>neque</strong></span> <span class='ocrx_word' id='word_1_155' title='bbox 1280 2368 1404 2426; x_wconf 91' lang='lat' dir='ltr'><strong>materia</strong></span> <span class='ocrx_word' id='word_1_156' title='bbox 1430 2369 1458 2424; x_wconf 91' lang='lat' dir='ltr'><strong>in</strong></span> 
     </span>
     <span class='ocr_line' id='line_1_20' title="bbox 289 2458 1458 2538; baseline -0.003 -21"><span class='ocrx_word' id='word_1_157' title='bbox 289 2461 375 2537; x_wconf 89' lang='lat' dir='ltr'><strong>agris</strong></span> <span class='ocrx_word' id='word_1_158' title='bbox 393 2479 482 2538; x_wconf 86' lang='lat' dir='ltr'><strong>neque</strong></span> <span class='ocrx_word' id='word_1_159' title='bbox 500 2461 536 2520; x_wconf 92' lang='lat' dir='ltr'><strong>ab</strong></span> <span class='ocrx_word' id='word_1_160' title='bbox 555 2461 700 2536; x_wconf 87' lang='lat' dir='ltr'><strong>Hispanis</strong></span> <span class='ocrx_word' id='word_1_161' title='bbox 717 2460 837 2517; x_wconf 86' lang='lat' dir='ltr'><strong>emundi</strong></span> <span class='ocrx_word' id='word_1_162' title='bbox 855 2469 907 2516; x_wconf 88' lang='lat' dir='ltr'><strong>aut</strong></span> <span class='ocrx_word' id='word_1_163' title='bbox 925 2459 1059 2516; x_wconf 89' lang='lat' dir='ltr'><strong>mutandi</strong></span> <span class='ocrx_word' id='word_1_164' title='bbox 1076 2458 1160 2533; x_wconf 89' lang='lat' dir='ltr'><strong>copia</strong></span> <span class='ocrx_word' id='word_1_165' title='bbox 1185 2465 1269 2514; x_wconf 82' lang='lat' dir='ltr'><strong>erat:</strong></span> <span class='ocrx_word' id='word_1_166' title='bbox 1295 2473 1377 2512; x_wconf 91' lang='lat' dir='ltr'><strong>mare</strong></span> <span class='ocrx_word' id='word_1_167' title='bbox 1396 2474 1458 2514; x_wconf 89' lang='lat' dir='ltr'><strong>nra·</strong></span> 
     </span>
     <span class='ocr_line' id='line_1_21' title="bbox 290 2535 1458 2629; baseline -0.004 -23"><span class='ocrx_word' id='word_1_168' title='bbox 290 2567 382 2626; x_wconf 80' lang='lat' dir='ltr'><strong>gnum</strong></span> <span class='ocrx_word' id='word_1_169' title='bbox 402 2561 431 2606; x_wconf 87' lang='lat' dir='ltr'><strong>et</strong></span> <span class='ocrx_word' id='word_1_170' title='bbox 449 2551 556 2625; x_wconf 83' lang='lat' dir='ltr'><strong>ignara</strong></span> <span class='ocrx_word' id='word_1_171' title='bbox 574 2551 679 2626; x_wconf 81' lang='lat' dir='ltr'><strong>lingna</strong></span> <span class='ocrx_word' id='word_1_172' title='bbox 698 2549 874 2607; x_wconf 86' lang='lat' dir='ltr'><strong>commercia</strong></span> <span class='ocrx_word' id='word_1_173' title='bbox 888 2535 1088 2624; x_wconf 87' lang='lat' dir='ltr'><strong>prohibebant.</strong></span> <span class='ocrx_word' id='word_1_174' title='bbox 1105 2547 1152 2603; x_wconf 91' lang='lat' dir='ltr'><strong>Hi</strong></span> <span class='ocrx_word' id='word_1_175' title='bbox 1167 2545 1323 2629; x_wconf 81' lang='lat' dir='ltr'><strong>paullatim</strong></span> <span class='ocrx_word' id='word_1_176' title='bbox 1339 2563 1394 2620; x_wconf 88' lang='lat' dir='ltr'><strong>per</strong></span> <span class='ocrx_word' id='word_1_177' title='bbox 1411 2563 1458 2602; x_wconf 91' lang='lat' dir='ltr'><strong>co-</strong></span> 
     </span>
     <span class='ocr_line' id='line_1_22' title="bbox 290 2635 1459 2712; baseline -0.003 -17"><span class='ocrx_word' id='word_1_178' title='bbox 290 2639 378 2696; x_wconf 86' lang='lat' dir='ltr'><strong>nubia</strong></span> <span class='ocrx_word' id='word_1_179' title='bbox 397 2639 537 2698; x_wconf 83' lang='lat' dir='ltr'><strong>Gaetulos</strong></span> <span class='ocrx_word' id='word_1_180' title='bbox 554 2645 652 2696; x_wconf 84' lang='lat' dir='ltr'><strong>secum</strong></span> <span class='ocrx_word' id='word_1_181' title='bbox 671 2639 829 2708; x_wconf 86' lang='lat' dir='ltr'><strong>miscuere,·</strong></span> <span class='ocrx_word' id='word_1_182' title='bbox 850 2646 879 2694; x_wconf 92' lang='lat' dir='ltr'><strong>et</strong></span> <span class='ocrx_word' id='word_1_183' title='bbox 894 2637 966 2712; x_wconf 81' lang='lat' dir='ltr'><strong>quia</strong></span> <span class='ocrx_word' id='word_1_184' title='bbox 983 2652 1071 2710; x_wconf 80' lang='lat' dir='ltr'><strong>saepe</strong></span> <span class='ocrx_word' id='word_1_185' title='bbox 1089 2644 1259 2710; x_wconf 77' lang='lat' dir='ltr'><strong>temptantes</strong></span> <span class='ocrx_word' id='word_1_186' title='bbox 1277 2651 1368 2711; x_wconf 82' lang='lat' dir='ltr'><strong>agros</strong></span> <span class='ocrx_word' id='word_1_187' title='bbox 1388 2635 1459 2705; x_wconf 88' lang='lat' dir='ltr'><strong>alia,</strong></span> 
     </span>
     <span class='ocr_line' id='line_1_23' title="bbox 291 2722 1460 2807; baseline -0.004 -25"><span class='ocrx_word' id='word_1_188' title='bbox 291 2726 394 2785; x_wconf 86' lang='lat' dir='ltr'><strong>deinde</strong></span> <span class='ocrx_word' id='word_1_189' title='bbox 412 2727 472 2785; x_wconf 89' lang='lat' dir='ltr'><strong>alia</strong></span> <span class='ocrx_word' id='word_1_190' title='bbox 490 2727 553 2786; x_wconf 86' lang='lat' dir='ltr'><strong>loca</strong></span> <span class='ocrx_word' id='word_1_191' title='bbox 568 2728 742 2807; x_wconf 83' lang='lat' dir='ltr'><strong>petiverant,</strong></span> <span class='ocrx_word' id='word_1_192' title='bbox 760 2736 851 2786; x_wconf 88' lang='lat' dir='ltr'><strong>semet</strong></span> <span class='ocrx_word' id='word_1_193' title='bbox 871 2726 927 2801; x_wconf 86' lang='lat' dir='ltr'><strong>ipsi</strong></span> <span class='ocrx_word' id='word_1_194' title='bbox 945 2723 1097 2782; x_wconf 88' lang='lat' dir='ltr'><strong>Nomades</strong></span> <span class='ocrx_word' id='word_1_195' title='bbox 1119 2724 1357 2800; x_wconf 83' lang='lat' dir='ltr'><strong>appellavere.....</strong></span> <span class='ocrx_word' id='word_1_196' title='bbox 1375 2722 1460 2778; x_wconf 83' lang='lat' dir='ltr'><strong>Medi</strong></span> 
     </span>
     <span class='ocr_line' id='line_1_24' title="bbox 291 2811 1458 2889; baseline -0.004 -18"><span class='ocrx_word' id='word_1_197' title='bbox 291 2825 389 2872; x_wconf 87' lang='lat' dir='ltr'><strong>autem</strong></span> <span class='ocrx_word' id='word_1_198' title='bbox 408 2826 436 2872; x_wconf 91' lang='lat' dir='ltr'><strong>et</strong></span> <span class='ocrx_word' id='word_1_199' title='bbox 450 2817 584 2874; x_wconf 86' lang='lat' dir='ltr'><strong>Armenii</strong></span> <span class='ocrx_word' id='word_1_200' title='bbox 602 2831 749 2874; x_wconf 87' lang='lat' dir='ltr'><strong>accessere</strong></span> <span class='ocrx_word' id='word_1_201' title='bbox 766 2814 927 2889; x_wconf 85' lang='lat' dir='ltr'><strong>Libyes-</strong></span> <span class='ocrx_word' id='word_1_202' title='bbox 942 2831 1009 2871; x_wconf 88' lang='lat' dir='ltr'><strong>narn</strong></span> <span class='ocrx_word' id='word_1_203' title='bbox 1027 2811 1059 2870; x_wconf 89' lang='lat' dir='ltr'><strong>hi</strong></span> <span class='ocrx_word' id='word_1_204' title='bbox 1073 2813 1195 2888; x_wconf 89' lang='lat' dir='ltr'><strong>propius</strong></span> <span class='ocrx_word' id='word_1_205' title='bbox 1219 2829 1301 2867; x_wconf 89' lang='lat' dir='ltr'><strong>mare</strong></span> <span class='ocrx_word' id='word_1_206' title='bbox 1323 2811 1458 2886; x_wconf 80' lang='lat' dir='ltr'><strong>Africum</strong></span> 
     </span>
     <span class='ocr_line' id='line_1_25' title="bbox 291 2900 1459 2979; baseline -0.004 -19"><span class='ocrx_word' id='word_1_207' title='bbox 291 2904 453 2979; x_wconf 79' lang='lat' dir='ltr'><strong>agitabant,</strong></span> <span class='ocrx_word' id='word_1_208' title='bbox 471 2906 589 2963; x_wconf 84' lang='lat' dir='ltr'><strong>Gaetuli</strong></span> <span class='ocrx_word' id='word_1_209' title='bbox 608 2906 661 2963; x_wconf 88' lang='lat' dir='ltr'><strong>sub</strong></span> <span class='ocrx_word' id='word_1_210' title='bbox 683 2904 743 2963; x_wconf 90' lang='lat' dir='ltr'><strong>soie</strong></span> <span class='ocrx_word' id='word_1_211' title='bbox 764 2903 874 2979; x_wconf 76' lang='lat' dir='ltr'><strong>magis,</strong></span> <span class='ocrx_word' id='word_1_212' title='bbox 897 2902 975 2962; x_wconf 82' lang='lat' dir='ltr'><strong>haud</strong></span> <span class='ocrx_word' id='word_1_213' title='bbox 984 2903 1089 2978; x_wconf 87' lang='lat' dir='ltr'><strong>procul</strong></span> <span class='ocrx_word' id='word_1_214' title='bbox 1101 2903 1137 2960; x_wconf 88' lang='lat' dir='ltr'><strong>ab</strong></span> <span class='ocrx_word' id='word_1_215' title='bbox 1151 2901 1305 2960; x_wconf 86' lang='lat' dir='ltr'><strong>ardoribus</strong></span> <span class='ocrx_word' id='word_1_216' title='bbox 1318 2923 1368 2970; x_wconf 79' lang='lat'><strong>-,·</strong></span> <span class='ocrx_word' id='word_1_217' title='bbox 1383 2900 1459 2976; x_wconf 82' lang='lat' dir='ltr'><strong>iique</strong></span> 
     </span>
     <span class='ocr_line' id='line_1_26' title="bbox 292 2988 1458 3069; baseline -0.003 -21"><span class='ocrx_word' id='word_1_218' title='bbox 292 3002 405 3052; x_wconf 89' lang='lat' dir='ltr'><strong>mature</strong></span> <span class='ocrx_word' id='word_1_219' title='bbox 419 2993 525 3069; x_wconf 86' lang='lat' dir='ltr'><strong>oppida</strong></span> <span class='ocrx_word' id='word_1_220' title='bbox 540 2993 710 3052; x_wconf 77' lang='lat' dir='ltr'><strong>habuere...</strong></span> <span class='ocrx_word' id='word_1_221' title='bbox 724 2993 842 3050; x_wconf 90' lang='lat' dir='ltr'><strong>Nomen</strong></span> <span class='ocrx_word' id='word_1_222' title='bbox 862 3009 963 3050; x_wconf 87' lang='lat' dir='ltr'><strong>eorum</strong></span> <span class='ocrx_word' id='word_1_223' title='bbox 982 2991 1138 3068; x_wconf 82' lang='lat' dir='ltr'><strong>paullatim</strong></span> <span class='ocrx_word' id='word_1_224' title='bbox 1160 2988 1273 3063; x_wconf 84' lang='lat' dir='ltr'><strong>Libyes</strong></span> <span class='ocrx_word' id='word_1_225' title='bbox 1293 3005 1458 3061; x_wconf 81' lang='lat' dir='ltr'><strong>corrupere,</strong></span> 
     </span>
     <span class='ocr_line' id='line_1_27' title="bbox 291 3074 1456 3155; baseline -0.004 -20"><span class='ocrx_word' id='word_1_226' title='bbox 291 3080 415 3137; x_wconf 89' lang='lat' dir='ltr'><strong>barbara</strong></span> <span class='ocrx_word' id='word_1_227' title='bbox 429 3079 533 3154; x_wconf 82' lang='lat' dir='ltr'><strong>lingua</strong></span> <span class='ocrx_word' id='word_1_228' title='bbox 547 3079 671 3136; x_wconf 88' lang='lat' dir='ltr'><strong>Mauros</strong></span> <span class='ocrx_word' id='word_1_229' title='bbox 682 3094 739 3155; x_wconf 88' lang='lat' dir='ltr'><strong>pro</strong></span> <span class='ocrx_word' id='word_1_230' title='bbox 753 3076 852 3136; x_wconf 88' lang='lat' dir='ltr'><strong>Medis</strong></span> <span class='ocrx_word' id='word_1_231' title='bbox 866 3077 1080 3154; x_wconf 73' lang='lat' dir='ltr'><strong>appellantes»,</strong></span> <span class='ocrx_word' id='word_1_232' title='bbox 1096 3075 1140 3132; x_wconf 81' lang='lat' dir='ltr'><strong>Cf.</strong></span> <span class='ocrx_word' id='word_1_233' title='bbox 1152 3074 1223 3136; x_wconf 84' lang='lat' dir='ltr'><strong>Sall·</strong></span> <span class='ocrx_word' id='word_1_234' title='bbox 1238 3076 1275 3132; x_wconf 91' lang='lat' dir='ltr'><strong>de</strong></span> <span class='ocrx_word' id='word_1_235' title='bbox 1289 3075 1316 3133; x_wconf 90' lang='lat' dir='ltr'><strong>b.</strong></span> <span class='ocrx_word' id='word_1_236' title='bbox 1333 3075 1355 3134; x_wconf 92' lang='lat' dir='ltr'><strong>l.</strong></span> <span class='ocrx_word' id='word_1_237' title='bbox 1373 3075 1415 3147; x_wconf 83' lang='lat'><strong>19,</strong></span> <span class='ocrx_word' id='word_1_238' title='bbox 1430 3077 1456 3130; x_wconf 83' lang='lat' dir='ltr'><strong>t:</strong></span> 
     </span>
     <span class='ocr_line' id='line_1_28' title="bbox 294 3167 931 3244; baseline -0.005 -19"><span class='ocrx_word' id='word_1_239' title='bbox 294 3192 307 3218; x_wconf 70' lang='grc' dir='ltr'><strong>«ι</strong></span> <span class='ocrx_word' id='word_1_240' title='bbox 318 3169 464 3243; x_wconf 82' lang='lat' dir='ltr'><strong>proxumi</strong></span> <span class='ocrx_word' id='word_1_241' title='bbox 476 3167 657 3244; x_wconf 89' lang='lat' dir='ltr'><strong>Hispaniam</strong></span> <span class='ocrx_word' id='word_1_242' title='bbox 671 3167 776 3225; x_wconf 83' lang='lat' dir='ltr'><strong>Mauri</strong></span> <span class='ocrx_word' id='word_1_243' title='bbox 788 3176 855 3225; x_wconf 88' lang='lat' dir='ltr'><strong>sunt</strong></span> <span class='ocrx_word' id='word_1_244' title='bbox 870 3190 895 3225; x_wconf 78' lang='lat' dir='ltr'><strong>u.</strong></span> <span class='ocrx_word' id='word_1_245' title='bbox 927 3191 931 3194; x_wconf 52' lang='lat'>¹</span> 
     </span>
    </p>

    <p class='ocr_par' dir='ltr' id='par_1_9' title="bbox 292 3252 1460 3518">
     <span class='ocr_line' id='line_1_29' title="bbox 330 3252 1460 3335; baseline -0.006 -21"><span class='ocrx_word' id='word_1_246' title='bbox 330 3257 368 3330; x_wconf 87' lang='lat'><strong>(1)</strong></span> <span class='ocrx_word' id='word_1_247' title='bbox 380 3275 393 3310; x_wconf 85' lang='lat' dir='ltr'><strong>a</strong></span> <span class='ocrx_word' id='word_1_248' title='bbox 403 3257 550 3335; x_wconf 59' lang='lat' dir='ltr'><strong>franima</strong></span> <span class='ocrx_word' id='word_1_249' title='bbox 563 3267 661 3314; x_wconf 86' lang='lat' dir='ltr'><strong>autem</strong></span> <span class='ocrx_word' id='word_1_250' title='bbox 674 3255 710 3316; x_wconf 89' lang='lat' dir='ltr'><em>H</em></span> <span class='ocrx_word' id='word_1_251' title='bbox 711 3255 841 3332; x_wconf 88' lang='lat' dir='ltr'><strong>ispaniae</strong></span> <span class='ocrx_word' id='word_1_252' title='bbox 849 3253 1038 3312; x_wconf 89' lang='lat' dir='ltr'><strong>Mauretania</strong></span> <span class='ocrx_word' id='word_1_253' title='bbox 1050 3263 1101 3325; x_wconf 86' lang='lat' dir='ltr'><strong>est,</strong></span> <span class='ocrx_word' id='word_1_254' title='bbox 1114 3254 1217 3312; x_wconf 88' lang='lat' dir='ltr'><strong>deinde</strong></span> <span class='ocrx_word' id='word_1_255' title='bbox 1226 3252 1381 3322; x_wconf 82' lang='lat' dir='ltr'><strong>Numidia,</strong></span> <span class='ocrx_word' id='word_1_256' title='bbox 1394 3252 1460 3308; x_wconf 89' lang='lat' dir='ltr'><strong>inde</strong></span> 
     </span>
     <span class='ocr_line' id='line_1_30' title="bbox 292 3340 1458 3424; baseline -0.006 -22"><span class='ocrx_word' id='word_1_257' title='bbox 292 3345 377 3421; x_wconf 82' lang='lat' dir='ltr'><strong>regio</strong></span> <span class='ocrx_word' id='word_1_258' title='bbox 391 3345 643 3424; x_wconf 76' lang='lat' dir='ltr'><strong>carthaginensis,</strong></span> <span class='ocrx_word' id='word_1_259' title='bbox 655 3355 722 3420; x_wconf 90' lang='lat' dir='ltr'><strong>post</strong></span> <span class='ocrx_word' id='word_1_260' title='bbox 731 3363 803 3422; x_wconf 82' lang='lat' dir='ltr'><strong>quae</strong></span> <span class='ocrx_word' id='word_1_261' title='bbox 815 3344 963 3407; x_wconf 86' lang='lat' dir='ltr'><strong>Getuliam</strong></span> <span class='ocrx_word' id='word_1_262' title='bbox 973 3343 1145 3419; x_wconf 85' lang='lat' dir='ltr'><strong>accipimus,</strong></span> <span class='ocrx_word' id='word_1_263' title='bbox 1154 3353 1255 3418; x_wconf 88' lang='lat' dir='ltr'><strong>postea</strong></span> <span class='ocrx_word' id='word_1_264' title='bbox 1264 3340 1458 3415; x_wconf 82' lang='lat' dir='ltr'><strong>Aethiopiam,</strong></span> 
     </span>
     <span class='ocr_line' id='line_1_31' title="bbox 295 3432 1321 3518; baseline 0.002 -30"><span class='ocrx_word' id='word_1_265' title='bbox 295 3432 360 3491; x_wconf 87' lang='lat' dir='ltr'><strong>inde</strong></span> <span class='ocrx_word' id='word_1_266' title='bbox 373 3434 436 3491; x_wconf 88' lang='lat' dir='ltr'><strong>loca</strong></span> <span class='ocrx_word' id='word_1_267' title='bbox 451 3445 557 3492; x_wconf 83' lang='lat' dir='ltr'><strong>exusta</strong></span> <span class='ocrx_word' id='word_1_268' title='bbox 571 3433 641 3492; x_wconf 90' lang='lat' dir='ltr'><strong>solis</strong></span> <span class='ocrx_word' id='word_1_269' title='bbox 656 3434 811 3492; x_wconf 86' lang='lat' dir='ltr'><strong>ardoribus</strong></span> <span class='ocrx_word' id='word_1_270' title='bbox 826 3457 851 3490; x_wconf 77' lang='lat' dir='ltr'><strong>u.</strong></span> <span class='ocrx_word' id='word_1_271' title='bbox 1097 3439 1099 3444; x_wconf 87' lang='grc'><strong>’</strong></span> <span class='ocrx_word' id='word_1_272' title='bbox 1310 3497 1321 3518; x_wconf 81' lang='lat'><strong><em>.</em></strong></span> 
     </span>
    </p>

    <p class='ocr_par' dir='ltr' id='par_1_10' title="bbox 292 3517 1540 3854">
     <span class='ocr_line' id='line_1_32' title="bbox 330 3517 1463 3597; baseline -0.006 -19"><span class='ocrx_word' id='word_1_273' title='bbox 330 3523 368 3594; x_wconf 81' lang='lat' dir='ltr'><strong>(a)</strong></span> <span class='ocrx_word' id='word_1_274' title='bbox 385 3546 399 3573; x_wconf 92' lang='lat'>«</span> <span class='ocrx_word' id='word_1_275' title='bbox 416 3522 521 3581; x_wconf 85' lang='lat' dir='ltr'><strong>Cetera</strong></span> <span class='ocrx_word' id='word_1_276' title='bbox 533 3525 598 3581; x_wconf 85' lang='lat' dir='ltr'><strong>loca</strong></span> <span class='ocrx_word' id='word_1_277' title='bbox 609 3531 714 3597; x_wconf 71' lang='lat' dir='ltr'><strong>&#39;usque</strong></span> <span class='ocrx_word' id='word_1_278' title='bbox 728 3522 766 3578; x_wconf 92' lang='lat' dir='ltr'><strong>ad</strong></span> <span class='ocrx_word' id='word_1_279' title='bbox 787 3521 1013 3580; x_wconf 83' lang='lat' dir='ltr'><strong>Mauretaniam·</strong></span> <span class='ocrx_word' id='word_1_280' title='bbox 1022 3519 1174 3577; x_wconf 88' lang='lat' dir='ltr'><strong>Numidae</strong></span> <span class='ocrx_word' id='word_1_281' title='bbox 1196 3529 1303 3590; x_wconf 86' lang='lat' dir='ltr'><strong>tenent,·</strong></span> <span class='ocrx_word' id='word_1_282' title='bbox 1318 3517 1463 3593; x_wconf 81' lang='lat' dir='ltr'><strong>proxumi</strong></span> 
     </span>
     <span class='ocr_line' id='line_1_33' title="bbox 292 3606 1540 3686; baseline -0.004 -19"><span class='ocrx_word' id='word_1_283' title='bbox 292 3610 471 3686; x_wconf 86' lang='lat' dir='ltr'><strong>Hispaniam</strong></span> <span class='ocrx_word' id='word_1_284' title='bbox 483 3611 589 3669; x_wconf 87' lang='lat' dir='ltr'><strong>Mauri</strong></span> <span class='ocrx_word' id='word_1_285' title='bbox 600 3621 675 3669; x_wconf 88' lang='lat' dir='ltr'><strong>sunt.</strong></span> <span class='ocrx_word' id='word_1_286' title='bbox 690 3612 787 3686; x_wconf 89' lang='lat' dir='ltr'><strong>Super</strong></span> <span class='ocrx_word' id='word_1_287' title='bbox 795 3610 972 3669; x_wconf 85' lang='lat' dir='ltr'><strong>Numidiam</strong></span> <span class='ocrx_word' id='word_1_288' title='bbox 984 3608 1123 3667; x_wconf 89' lang='lat' dir='ltr'><strong>Gaetulos</strong></span> <span class='ocrx_word' id='word_1_289' title='bbox 1134 3607 1299 3683; x_wconf 87' lang='lat' dir='ltr'><strong>accepimus</strong></span> <span class='ocrx_word' id='word_1_290' title='bbox 1309 3606 1460 3681; x_wconf 90' lang='lat' dir='ltr'><strong>partimin</strong></span> <span class='ocrx_word' id='word_1_291' title='bbox 1536 3633 1540 3642; x_wconf 90' lang='lat'>.</span> 
     </span>
     <span class='ocr_line' id='line_1_34' title="bbox 293 3695 1461 3778; baseline -0.003 -24"><span class='ocrx_word' id='word_1_292' title='bbox 293 3700 431 3775; x_wconf 79' lang='lat' dir='ltr'><strong>tuguriis,</strong></span> <span class='ocrx_word' id='word_1_293' title='bbox 448 3700 522 3759; x_wconf 90' lang='lat' dir='ltr'><strong>alios</strong></span> <span class='ocrx_word' id='word_1_294' title='bbox 533 3701 668 3758; x_wconf 80' lang='lat' dir='ltr'><strong>incultius</strong></span> <span class='ocrx_word' id='word_1_295' title='bbox 680 3716 772 3776; x_wconf 77' lang='lat' dir='ltr'><strong>vagos</strong></span> <span class='ocrx_word' id='word_1_296' title='bbox 785 3700 914 3778; x_wconf 84' lang='lat' dir='ltr'><strong>agitare,</strong></span> <span class='ocrx_word' id='word_1_297' title='bbox 926 3709 993 3775; x_wconf 92' lang='lat' dir='ltr'><strong>post</strong></span> <span class='ocrx_word' id='word_1_298' title='bbox 1006 3713 1055 3756; x_wconf 88' lang='lat' dir='ltr'><strong>eos</strong></span> <span class='ocrx_word' id='word_1_299' title='bbox 1069 3697 1227 3773; x_wconf 89' lang='lat' dir='ltr'><strong>Aethiopas</strong></span> <span class='ocrx_word' id='word_1_300' title='bbox 1238 3713 1311 3770; x_wconf 90' lang='lat' dir='ltr'><strong>esse,</strong></span> <span class='ocrx_word' id='word_1_301' title='bbox 1320 3695 1385 3753; x_wconf 90' lang='lat' dir='ltr'><strong>dein</strong></span> <span class='ocrx_word' id='word_1_302' title='bbox 1399 3695 1461 3752; x_wconf 91' lang='lat' dir='ltr'><strong>loca</strong></span> 
     </span>
     <span class='ocr_line' id='line_1_35' title="bbox 292 3787 1368 3854; baseline 0 -11"><span class='ocrx_word' id='word_1_303' title='bbox 292 3797 399 3844; x_wconf 85' lang='lat' dir='ltr'><strong>exusta</strong></span> <span class='ocrx_word' id='word_1_304' title='bbox 414 3787 485 3846; x_wconf 91' lang='lat' dir='ltr'><strong>solr&#39;s</strong></span> <span class='ocrx_word' id='word_1_305' title='bbox 498 3788 653 3847; x_wconf 87' lang='lat' dir='ltr'><strong>ardoribus</strong></span> <span class='ocrx_word' id='word_1_306' title='bbox 666 3814 690 3844; x_wconf 75' lang='lat' dir='ltr'><strong>n.</strong></span> <span class='ocrx_word' id='word_1_307' title='bbox 1119 3791 1121 3796; x_wconf 87' lang='lat'>&#39;</span> <span class='ocrx_word' id='word_1_308' title='bbox 1366 3849 1368 3854; x_wconf 58' lang='grc'>,</span> 
     </span>
    </p>

    <p class='ocr_par' dir='ltr' id='par_1_11' title="bbox 292 3872 1463 4484">
     <span class='ocr_line' id='line_1_36' title="bbox 329 3872 1461 3958; baseline -0.008 -21"><span class='ocrx_word' id='word_1_309' title='bbox 329 3876 368 3948; x_wconf 78' lang='lat' dir='ltr'><strong>li)</strong></span> <span class='ocrx_word' id='word_1_310' title='bbox 389 3878 459 3936; x_wconf 90' lang='lat' dir='ltr'><strong>Non</strong></span> <span class='ocrx_word' id='word_1_311' title='bbox 477 3877 546 3939; x_wconf 87' lang='lat' dir='ltr'><strong>satis</strong></span> <span class='ocrx_word' id='word_1_312' title='bbox 561 3877 685 3954; x_wconf 82' lang='lat' dir='ltr'><strong>quidem</strong></span> <span class='ocrx_word' id='word_1_313' title='bbox 704 3877 917 3958; x_wconf 45' lang='lat' dir='ltr'><strong>liquetkutrurn</strong></span> <span class='ocrx_word' id='word_1_314' title='bbox 933 3893 968 3934; x_wconf 85' lang='lat' dir='ltr'><strong>ex</strong></span> <span class='ocrx_word' id='word_1_315' title='bbox 982 3875 1047 3952; x_wconf 89' lang='lat' dir='ltr'><strong>ipso</strong></span> <span class='ocrx_word' id='word_1_316' title='bbox 1061 3873 1202 3936; x_wconf 85' lang='lat' dir='ltr'><strong>Sallustio</strong></span> <span class='ocrx_word' id='word_1_317' title='bbox 1217 3875 1271 3946; x_wconf 81' lang='lat'><strong>(78,</strong></span> <span class='ocrx_word' id='word_1_318' title='bbox 1283 3875 1310 3932; x_wconf 82' lang='lat'><strong>3:</strong></span> <span class='ocrx_word' id='word_1_319' title='bbox 1327 3897 1340 3924; x_wconf 79' lang='lat' dir='ltr'><strong>u</strong></span> <span class='ocrx_word' id='word_1_320' title='bbox 1353 3872 1461 3948; x_wconf 86' lang='lat' dir='ltr'><strong>Syrtes</strong></span> 
     </span>
     <span class='ocr_line' id='line_1_37' title="bbox 293 3960 1459 4048; baseline -0.003 -28"><span class='ocrx_word' id='word_1_321' title='bbox 293 3966 329 4021; x_wconf 92' lang='lat' dir='ltr'><strong>ab</strong></span> <span class='ocrx_word' id='word_1_322' title='bbox 344 3975 439 4048; x_wconf 88' lang='lat' dir='ltr'><strong>tractu</strong></span> <span class='ocrx_word' id='word_1_323' title='bbox 455 3965 619 4024; x_wconf 87' lang='lat' dir='ltr'><strong>nominatae</strong></span> <span class='ocrx_word' id='word_1_324' title='bbox 632 3971 659 4040; x_wconf 81' lang='lat' dir='ltr'><strong>a)</strong></span> <span class='ocrx_word' id='word_1_325' title='bbox 673 3967 849 4040; x_wconf 87' lang='lat' dir='ltr'><strong>deprompta</strong></span> <span class='ocrx_word' id='word_1_326' title='bbox 861 3983 900 4024; x_wconf 90' lang='lat' dir='ltr'><strong>an</strong></span> <span class='ocrx_word' id='word_1_327' title='bbox 913 3982 948 4028; x_wconf 81' lang='lat' dir='ltr'><strong>ex</strong></span> <span class='ocrx_word' id='word_1_328' title='bbox 961 3966 1148 4040; x_wconf 88' lang='lat' dir='ltr'><strong>Hieronymo</strong></span> <span class='ocrx_word' id='word_1_329' title='bbox 1159 3963 1206 4034; x_wconf 84' lang='lat' dir='ltr'><strong>(de</strong></span> <span class='ocrx_word' id='word_1_330' title='bbox 1219 3961 1366 4020; x_wconf 90' lang='lat' dir='ltr'><strong>nominib.</strong></span> <span class='ocrx_word' id='word_1_331' title='bbox 1378 3960 1459 4018; x_wconf 90' lang='lat' dir='ltr'><strong>hebr.</strong></span> 
     </span>
     <span class='ocr_line' id='line_1_38' title="bbox 294 4050 1462 4132; baseline -0.004 -21"><span class='ocrx_word' id='word_1_332' title='bbox 294 4071 321 4126; x_wconf 88' lang='lat' dir='ltr'><strong>p.</strong></span> <span class='ocrx_word' id='word_1_333' title='bbox 341 4053 399 4112; x_wconf 80' lang='lat'>104:</span> <span class='ocrx_word' id='word_1_334' title='bbox 417 4055 575 4130; x_wconf 85' lang='lat' dir='ltr'><strong>«Syrtim,</strong></span> <span class='ocrx_word' id='word_1_335' title='bbox 594 4057 764 4132; x_wconf 79' lang='lat' dir='ltr'><strong>angustiam</strong></span> <span class='ocrx_word' id='word_1_336' title='bbox 783 4055 843 4114; x_wconf 85' lang='lat' dir='ltr'><strong>sire</strong></span> <span class='ocrx_word' id='word_1_337' title='bbox 862 4053 1097 4112; x_wconf 86' lang='lat' dir='ltr'><strong>tribulationem:</strong></span> <span class='ocrx_word' id='word_1_338' title='bbox 1116 4052 1219 4109; x_wconf 88' lang='lat' dir='ltr'><strong>melius</strong></span> <span class='ocrx_word' id='word_1_339' title='bbox 1231 4059 1329 4108; x_wconf 88' lang='lat' dir='ltr'><strong>autem</strong></span> <span class='ocrx_word' id='word_1_340' title='bbox 1348 4050 1462 4107; x_wconf 88' lang='lat' dir='ltr'><strong>Sallus·</strong></span> 
     </span>
     <span class='ocr_line' id='line_1_39' title="bbox 292 4139 1462 4219; baseline -0.002 -24"><span class='ocrx_word' id='word_1_341' title='bbox 292 4140 349 4199; x_wconf 91' lang='lat' dir='ltr'><strong>tius</strong></span> <span class='ocrx_word' id='word_1_342' title='bbox 367 4145 493 4200; x_wconf 79' lang='lat' dir='ltr'><strong>atrattu</strong></span> <span class='ocrx_word' id='word_1_343' title='bbox 504 4144 547 4201; x_wconf 89' lang='lat' dir='ltr'><strong>ait</strong></span> <span class='ocrx_word' id='word_1_344' title='bbox 560 4161 661 4202; x_wconf 88' lang='lat' dir='ltr'><strong>nomen</strong></span> <span class='ocrx_word' id='word_1_345' title='bbox 677 4144 845 4219; x_wconf 89' lang='lat' dir='ltr'><strong>impositum</strong></span> <span class='ocrx_word' id='word_1_346' title='bbox 859 4146 884 4216; x_wconf 73' lang='lat' dir='ltr'><strong>a)</strong></span> <span class='ocrx_word' id='word_1_347' title='bbox 905 4142 997 4218; x_wconf 89' lang='lat' dir='ltr'><strong>petita</strong></span> <span class='ocrx_word' id='word_1_348' title='bbox 1019 4141 1078 4199; x_wconf 84' lang='lat' dir='ltr'><strong>sint</strong></span> <span class='ocrx_word' id='word_1_349' title='bbox 1092 4145 1180 4198; x_wconf 87' lang='lat' dir='ltr'><strong>verba</strong></span> <span class='ocrx_word' id='word_1_350' title='bbox 1200 4139 1308 4196; x_wconf 89' lang='lat' dir='ltr'><strong>Isidori</strong></span> <span class='ocrx_word' id='word_1_351' title='bbox 1323 4154 1339 4194; x_wconf 80' lang='lat' dir='ltr'><strong>u</strong></span> <span class='ocrx_word' id='word_1_352' title='bbox 1353 4139 1462 4216; x_wconf 86' lang='lat' dir='ltr'><strong>Syrtes</strong></span> 
     </span>
     <span class='ocr_line' id='line_1_40' title="bbox 292 4227 1463 4291; baseline -0.003 -7"><span class='ocrx_word' id='word_1_353' title='bbox 292 4238 391 4290; x_wconf 88' lang='lat' dir='ltr'><strong>autem</strong></span> <span class='ocrx_word' id='word_1_354' title='bbox 409 4231 567 4291; x_wconf 89' lang='lat' dir='ltr'><strong>Sallustius</strong></span> <span class='ocrx_word' id='word_1_355' title='bbox 589 4251 607 4290; x_wconf 90' lang='lat' dir='ltr'><strong>a</strong></span> <span class='ocrx_word' id='word_1_356' title='bbox 631 4242 726 4289; x_wconf 90' lang='lat' dir='ltr'><strong>tractu</strong></span> <span class='ocrx_word' id='word_1_357' title='bbox 748 4230 849 4291; x_wconf 83' lang='lat' dir='ltr'><strong>vocari</strong></span> <span class='ocrx_word' id='word_1_358' title='bbox 871 4230 943 4288; x_wconf 89' lang='lat' dir='ltr'><strong>dicit</strong></span> <span class='ocrx_word' id='word_1_359' title='bbox 965 4250 990 4285; x_wconf 79' lang='lat' dir='ltr'><strong>n:</strong></span> <span class='ocrx_word' id='word_1_360' title='bbox 1012 4228 1202 4288; x_wconf 87' lang='lat' dir='ltr'><strong>verisimilius</strong></span> <span class='ocrx_word' id='word_1_361' title='bbox 1226 4241 1325 4286; x_wconf 89' lang='lat' dir='ltr'><strong>tamen</strong></span> <span class='ocrx_word' id='word_1_362' title='bbox 1347 4227 1463 4286; x_wconf 85' lang='lat' dir='ltr'><strong>videtur</strong></span> 
     </span>
     <span class='ocr_line' id='line_1_41' title="bbox 293 4318 1462 4394; baseline -0.009 -15"><span class='ocrx_word' id='word_1_363' title='bbox 293 4333 369 4386; x_wconf 72' lang='lat' dir='ltr'><strong>esse,</strong></span> <span class='ocrx_word' id='word_1_364' title='bbox 389 4319 501 4378; x_wconf 86' lang='lat' dir='ltr'><strong>librum</strong></span> <span class='ocrx_word' id='word_1_365' title='bbox 523 4322 561 4380; x_wconf 90' lang='lat' dir='ltr'><strong>de</strong></span> <span class='ocrx_word' id='word_1_366' title='bbox 579 4319 752 4380; x_wconf 87' lang='lat' dir='ltr'><strong>nominibus</strong></span> <span class='ocrx_word' id='word_1_367' title='bbox 770 4319 927 4388; x_wconf 87' lang='lat' dir='ltr'><strong>hebraicis,</strong></span> <span class='ocrx_word' id='word_1_368' title='bbox 947 4337 982 4376; x_wconf 82' lang='lat' dir='ltr'><strong>ex</strong></span> <span class='ocrx_word' id='word_1_369' title='bbox 1000 4335 1059 4394; x_wconf 90' lang='lat' dir='ltr'><strong>quo</strong></span> <span class='ocrx_word' id='word_1_370' title='bbox 1079 4318 1211 4378; x_wconf 87' lang='lat' dir='ltr'><strong>Isidorus</strong></span> <span class='ocrx_word' id='word_1_371' title='bbox 1229 4329 1288 4374; x_wconf 86' lang='lat' dir='ltr'><strong>tarn</strong></span> <span class='ocrx_word' id='word_1_372' title='bbox 1309 4331 1393 4389; x_wconf 88' lang='lat' dir='ltr'><strong>saepe</strong></span> <span class='ocrx_word' id='word_1_373' title='bbox 1411 4331 1462 4372; x_wconf 92' lang='lat' dir='ltr'><strong>sua</strong></span> 
     </span>
     <span class='ocr_line' id='line_1_42' title="bbox 295 4404 883 4484; baseline 0.009 -22"><span class='ocrx_word' id='word_1_374' title='bbox 295 4404 410 4475; x_wconf 84' lang='lat' dir='ltr'><strong>hausit,</strong></span> <span class='ocrx_word' id='word_1_375' title='bbox 430 4408 478 4466; x_wconf 88' lang='lat' dir='ltr'><strong>hic</strong></span> <span class='ocrx_word' id='word_1_376' title='bbox 496 4427 613 4484; x_wconf 91' lang='lat' dir='ltr'><strong>quoque</strong></span> <span class='ocrx_word' id='word_1_377' title='bbox 630 4427 690 4468; x_wconf 90' lang='lat' dir='ltr'><strong>esse</strong></span> <span class='ocrx_word' id='word_1_378' title='bbox 706 4408 883 4470; x_wconf 84' lang='lat' dir='ltr'><strong>adhibitum.</strong></span> 
     </span>
    </p>
   </div>
   <div class='ocr_carea' id='block_1_5' title="bbox 0 0 1736 5132">
    <p class='ocr_par' dir='ltr' id='par_1_12' title="bbox 0 0 1736 5132">
     <span class='ocr_line' id='line_1_43' title="bbox 0 0 1736 5132; baseline 0 0"><span class='ocrx_word' id='word_1_379' title='bbox 0 0 1736 5132; x_wconf 95' lang='lat' dir='ltr'><strong> </strong></span> 
     </span>
    </p>
   </div>
  </div>
 </body>
</html>
