3444 5132
773 357 806 368 ..
823 328 841 384 3
858 357 891 368 ..

248 452 405 522 dicamus
426 451 542 522 virum
572 448 616 518 ab
646 449 842 540 spondendo
867 477 882 512 n
916 466 950 518 et
985 475 1001 512 n
1030 450 1117 518 unde
1144 471 1271 520 uxores
1297 451 1413 522 dictae

247 577 350 669 quasi
368 577 534 646 unxiores
562 604 593 644 n.
621 573 856 666 Etymologiae
888 571 989 664 igitur
1013 593 1116 642 causa
1138 573 1217 644 hinc
1243 574 1322 649 inde
1347 576 1411 647 lsi·
1560 587 1563 594 “

247 703 352 772 dorus
375 701 514 793 proprio
540 701 653 769 Marte
676 697 880 786 immutavit,
908 697 1084 784 contorsit,
1110 697 1263 787 addidit,
1287 698 1323 768 in
1347 699 1414 769 illis

249 827 385 915 qitoque
407 823 589 916 Originum
612 822 780 914 capitibus
803 843 890 912 quae
919 837 1025 913 agunt
1048 821 1090 890 de
1115 823 1216 892 rebus
1239 825 1282 892 ad
1305 824 1412 894 ecclev

248 948 334 1018 siam
369 965 402 1018 et
437 947 634 1039 religionem
664 944 895 1038 spectantibus
928 945 1072 1016 sortasse
1108 947 1274 1016 nonnulla
1309 948 1414 1018 latent

249 1071 457 1142 Isidorianae
479 1069 682 1140 eruditionis
699 1068 904 1139 documenta
925 1107 969 1120 --
993 1091 1032 1139 ea
1055 1069 1124 1140 fere
1153 1089 1232 1139 sunt
1256 1093 1344 1161 quae
1369 1073 1411 1140 ad
1495 1117 1504 1136 .

249 1194 418 1265 Isidorum
455 1192 649 1285 pertinent,
689 1188 819 1282 reliqua
856 1190 973 1262 omnia
1009 1190 1045 1260 in
1080 1191 1265 1285 Originum
1303 1193 1409 1264 libros

246 1322 383 1392 aliunde
402 1320 493 1390 illata
518 1334 609 1388 sunt.

289 1443 495 1516 Aocuratius
522 1443 591 1512 iam
630 1444 867 1534 quaerendum
903 1467 977 1516 esse
1006 1444 1159 1534 videtur,
1191 1427 1259 1536 qua
1282 1446 1412 1516 ratione

248 1571 400 1639 lsidorus
433 1569 467 1637 in
498 1567 718 1638 exscribendo
751 1591 834 1637 usus
858 1568 912 1637 sit.
945 1570 998 1637 Ac
1031 1567 1184 1660 primum
1206 1569 1348 1658 quidem
1369 1571 1411 1639 de

245 1693 311 1762 fide
343 1708 445 1783 atque
476 1691 689 1781 auctoritate,
719 1713 806 1782 quae
836 1689 1035 1762 Isidorianis
1062 1691 1225 1784 excerptis
1253 1692 1411 1762 habenda

245 1833 305 1904 est,
327 1814 472 1884 breviter
501 1815 702 1886 disseratur:
739 1814 872 1906 singula
906 1813 1011 1901 enim,
1038 1805 1126 1904 quae
1149 1829 1266 1884 notatu
1305 1813 1408 1907 digna

244 1939 458 2028 videbantur,
486 1939 620 2030 plenius
645 1954 802 2008 enarrata
833 1955 912 2008 sunt
944 1938 1004 2008 ubi
1027 1953 1182 2010 auctores
1205 1939 1249 2008 ab
1276 1933 1411 2008 Isidor'o

245 2063 387 2136 adhibiti
424 2064 618 2156 singulatim
651 2077 879 2132 recensentur.
907 2062 1149 2153 Neglegentem
1181 2061 1408 2132 breviatorem
1458 2127 1461 2135 s

247 2187 418 2258 lsidorum
440 2186 545 2257 fuisse
576 2185 894 2276 diversissimasque
918 2208 971 2255 res
998 2203 1031 2256 et
1053 2185 1303 2256 diversissimos
1326 2207 1409 2256 auc-

243 2326 333 2379 tores
358 2331 437 2380 eum
461 2305 655 2380 confudisse
678 2308 747 2395 iam
770 2306 826 2377 alii
846 2309 1070 2378 observarunt
1089 2309 1139 2396 (1)
1158 2307 1354 2400 optimeque
1373 2309 1408 2377 id

243 2457 283 2508 ex
308 2433 512 2526 scriptorum
536 2430 768 2502 adhibitorum
791 2432 873 2500 locis
895 2431 1008 2524 colligi
1032 2448 1154 2523 potest,
1181 2453 1267 2524 quos
1294 2435 1408 2524 quoad

242 2557 386 2628 inveniri
409 2573 592 2650 potuerunt
617 2549 758 2648 singulis
786 2555 970 2648 Originum
994 2555 1214 2648 paragraphis
1245 2556 1410 2643 adscripsi

242 2705 322 2753 cum
345 2682 503 2753 eruendis
527 2681 678 2752 lontibus
693 2703 835 2773 operam
859 2681 991 2762 darem.
1017 2679 1174 2750 Patetibi
1196 2681 1409 2774 Hispalensis

243 2807 390 2900 episcopi
414 2805 535 2876 eximia
568 2803 775 2898 neglegentia
797 2819 911 2893 ‚atque
949 2822 1084 2872 summa
1122 2803 1156 2873 in
1189 2804 1409 2875 exscribendo

243 2929 371 3020 levitas,
397 2952 465 3020 qua
489 2945 642 2997 veterum
666 2913 761 2998 libris
782 2905 1049 2996 obiter‘ranturir
1072 2927 1231 3019 inspectis
1255 2947 1409 3021 surrepta
1515 2905 1520 2916 ⁸

241 3053 344 3122 verba
367 3073 612 3144 saepenumero
637 3051 682 3120 ita
705 3049 858 3142 corrupit
880 3067 983 3140 atque
1017 3049 1171 3140 detorsit,
1197 3067 1234 3120 ut
1261 3051 1408 3122 auctoris

242 3177 381 3270 vestigia
413 3176 468 3244 vix
505 3192 703 3270 appareant.
737 3176 830 3244 Male
854 3175 1026 3244 interdum
1049 3174 1288 3268 coniungendo
1321 3197 1408 3266 quae

243 3301 412 3394 decerpsit
436 3321 576 3370 sensum
611 3301 748 3392 penitus
779 3298 984 3383 immutavit,
1018 3299 1053 3368 id
1086 3301 1179 3390 quod
1205 3301 1407 3391 plerumque

240 3444 316 3502 tunt
338 3423 488 3496 accidere
508 3426 603 3514 solet,
629 3445 708 3494 cum
741 3423 878 3494 omissis
891 3423 998 3500 ,rebus
1022 3413 1229 3515 interpositis
1266 3422 1408 3493 minime

238 3551 329 3621 'inter
350 3573 386 3620 se
409 3548 629 3642 congruentia
655 3549 840 3637 connectit3
866 3570 927 3617 nec
955 3544 1078 3615 desunt
1103 3541 1256 3639 exempla
1281 3548 1406 3638 quibus

240 3673 328 3744 Gaio
348 3673 509 3744 tribuitur
532 3674 626 3765 quod
661 3674 707 3743 ad
738 3672 872 3742 Titium
907 3673 1077 3764 pertinere
1104 3671 1185 3742 satis
1208 3687 1323 3764 aperte
1345 3672 1404 3742 de-

242 3781 409 3868 monstrat
434 3799 474 3888 is,
491 3817 595 3891 quem
620 3797 983 3888 Isidorusexscripsit.

286 3926 362 3996 lam
382 3947 461 3994 vero
484 3925 660 3994 videamus
675 3922 759 4015 quid
783 3924 824 3992 de
849 3923 1001 3993 sontibus
1016 3923 1061 3992 ab
1087 3921 1220 3992 Isidoro
1243 3921 1403 3992 nomina-

239 4047 302 4117 tim
324 4049 432 4119 citatis
468 4047 679 4118 censendum
716 4048 769 4116 sit.
798 4047 892 4117 Nam
922 4067 1001 4115 cum
1033 4066 1073 4114 ex
1109 4043 1262 4115 instituto
1292 4045 1404 4138 operis

241 4249 431 4260 “—

273 4343 311 4412 (r)
331 4341 377 4399 Cf.
399 4340 627 4411 Reifferscheid,
648 4339 681 4399 C.
701 4339 821 4398 Suetom'
844 4337 1007 4416 Tranquilli
1034 4338 1116 4416 reliq.
1146 4339 1296 4414 (Lipsiae,
1317 4339 1403 4411 1860),

241 4431 570 4504 pwfflmffl
