3444 5132
825 281 857 292 ..
874 249 910 308 25
926 279 960 292 .-

358 374 472 445 Verba
494 372 639 464 denique
657 371 693 441 in
717 370 812 440 initio
825 367 1028 463 paragraphi
1047 367 1158 460 posita
1186 369 1473 462 «Cappadociam

315 495 398 566 urbs
417 494 566 588 propria
590 493 800 587 nuncuparit
817 522 832 557 u
861 491 983 564 Isidori
1007 513 1080 562 esse
1103 491 1322 563 manifestum
1343 508 1405 562 est.

361 709 394 776 5.
423 695 530 798 Orig.
562 726 614 793 14,
644 703 677 792 3,
704 702 761 794 39.

360 826 512 897 Breviter
535 826 719 896 disseratur
749 823 890 894 deloco
918 823 1053 914 Isidori,
1083 822 1117 894 in
1147 845 1216 914 quo
1247 822 1290 891 de
1317 821 1475 916 Bithynia

314 951 425 1044 agitur
448 972 488 1020 ex
510 948 629 1021 Solino
652 963 684 1017 et
706 946 836 1037 Servio,
859 964 895 1016 ut
918 947 1062 1018 videtur.
1086 946 1191 1017 Nulla
1221 945 1360 1037 quidem
1384 946 1476 1034 apud

315 1075 488 1144 Isidorum
506 1073 643 1146 Sallusti
667 1072 794 1143 mentio
816 1074 865 1163 fit,
891 1073 935 1143 ad
959 1074 1050 1144 hunc
1068 1089 1182 1145 tamen
1206 1071 1323 1144 referri
1354 1072 1476 1142 debere

313 1213 445 1292 partem
470 1196 559 1267 illius
582 1195 786 1289 paragraphi
800 1173 1022 1290 peculiariter
1045 1196 1143 1268 docet
1163 1195 1301 1269 Servius
1323 1197 1368 1266 ad
1382 1198 1474 1266 Aen.

316 1325 349 1411 5,
377 1321 460 1412 373:
488 1318 695 1416 «Bebrycia
718 1330 832 1390 autem
865 1319 939 1413 apsa
964 1331 1014 1390 est
1037 1319 1229 1416 Bithynia.
1258 1317 1474 1390 Sallustius:

313 1443 641 1538 igiturintrorsus
656 1443 773 1536 prima
792 1444 898 1512 Asiae
921 1441 1093 1537 Bithynia
1127 1453 1190 1531 est,
1227 1441 1349 1511 multis
1374 1453 1475 1544 antea

312 1566 508 1640 nominibus
533 1566 716 1660 appellata.
742 1567 821 1658 Ipsa
845 1566 934 1636 enim
960 1577 1011 1635 est
1035 1577 1069 1635 et
1097 1566 1213 1635 maior
1242 1565 1406 1660 Phrygia
1430 1593 1474 1654 »ς

314 1695 505 1782 iterumque
528 1689 573 1758 ad
588 1691 679 1759 hen.
704 1690 736 1780 5,
760 1689 845 1758 203:
875 1715 890 1751 a
911 1687 1121 1758 Sallustius:
1145 1687 1282 1784 igitur¹
1296 1689 1477 1760 introrsus

309 1816 429 1909 prima
448 1813 554 1884 Asiae
575 1813 747 1908 Bithynia
771 1823 821 1882 est
842 1841 873 1882 u.
902 1812 1040 1885 Sallusti
1055 1812 1160 1884 verba
1183 1813 1228 1882 ad
1247 1813 1339 1882 Aen.
1360 1815 1393 1900 5,
1408 1813 1474 1905 373

315 1940 418 2010 relata
437 1936 472 2008 in
494 1935 694 2028 Originibus
713 1937 871 2028 leguntur
893 1950 1030 2006 auctore
1049 1952 1087 2003 ut
1109 1935 1177 2004 dixi
1196 1958 1267 2006 non
1285 1936 1474 2021 nominato,

316 2065 447 2156 reliqua
470 2060 587 2132 omnia
606 2062 787 2148 desumpta
805 2059 964 2134 videntur
982 2083 1000 2129 e
1019 2059 1138 2133 Solino
1151 2063 1214 2150 (1),
1231 2061 1290 2152 qui
1303 2084 1343 2131 ex
1361 2062 1475 2154 ignoto

308 2203 451 2266 ⁴auctore
474 2207 536 2254 sua
572 2184 696 2255 hausit.
729 2183 838 2273 Quod
862 2184 890 2252 si
919 2207 999 2254 vero
1032 2183 1355 2273 animadvertimus,
1388 2185 1476 2256 miro

315 2310 466 2400 quodam
485 2307 590 2376 modo
609 2306 747 2379 Sallusti
772 2329 875 2396 quem
897 2305 1036 2378 Servius
1059 2307 1192 2377 exhibet
1223 2308 1335 2378 locum
1366 2308 1476 2404 trihus

301 2430 489 2525 ,particulis
514 2427 911 2502 resecatumSolinianis
931 2427 1125 2521 inspersum
1145 2453 1230 2520 esse,
1251 2430 1297 2500 ita
1324 2433 1474 2523 quidem,

316 2573 353 2625 ut
377 2554 504 2649 optime
527 2553 705 2645 utriusque
729 2569 766 2622 ut
788 2553 920 2624 videtur
948 2553 1122 2646 scriptoris
1157 2557 1259 2625 verba
1290 2555 1382 2652 apud
1410 2557 1475 2625 Isi·

315 2679 441 2766 dorum
459 2677 524 2775 sihi
542 2676 745 2748 conveniant
760 2681 823 2768 (a),
847 2678 890 2750 de
913 2677 1074 2752 Sallustio
1098 2696 1130 2748 et
1157 2679 1279 2750 Isidori
1311 2695 1343 2748 et
1368 2679 1476 2752 Solini

313 2803 408 2876 fonte
431 2803 485 2876 hic
512 2826 649 2895 quoque
671 2803 810 2896 cogitari
829 2819 973 2896 oportet.
1002 2803 1091 2873 Illud
1115 2803 1256 2894 quidem
1282 2804 1326 2873 ab
1353 2803 1475 2904 Isidori

315 2997 465 3006 ..ιω-,αο-

350 3115 388 3187 (1)
408 3115 452 3183 42,
474 3118 496 3174 l.
518 3119 552 3174 3:
574 3140 587 3166 u
610 3115 756 3190 Bithynia
777 3116 805 3170 in
823 3115 911 3171 Ponti
929 3115 1053 3172 exordio
1067 3115 1106 3173 ad
1120 3123 1236 3192 partem
1262 3117 1330 3174 solis
1356 3116 1476 3174 orientis

313 3204 434 3262 aduersa
460 3203 613 3272 Thraciae,
634 3203 766 3278 opulenta
794 3220 829 3262 aa
857 3203 936 3262 diues
961 3203 1109 3260 urbium...
1135 3213 1201 3262 ante
1219 3204 1369 3282 Bebrycia
1387 3205 1472 3274 dicta,

314 3292 416 3351 deinde
443 3292 633 3369 Mygdonia,
666 3311 737 3349 mox
767 3310 785 3348 a
815 3292 949 3366 Bithyno
974 3309 1046 3368 rege
1072 3292 1315 3368 Bithynia....1n
1342 3295 1475 3370 Bithyno

314 3369 424 3457 quoque
441 3398 517 3456 agro
535 3379 665 3453 Libyssa
678 3379 757 3435 locus
770 3378 965 3435 Nicomediae
975 3380 1145 3455 proximus,
1155 3382 1287 3456 sepulcro
1299 3381 1477 3439 Hannibalis

311 3473 411 3544 santae
433 3469 535 3526 datus:
559 3468 609 3544 qui
629 3477 697 3542 post
724 3466 955 3541 Carthaginiense
982 3467 1122 3526 iudicium
1146 3470 1300 3545 transfuga
1318 3470 1356 3528 acl
1374 3489 1475 3545 regem

314 3555 520 3614 Antiochum...
534 3555 634 3614 veneni
647 3554 719 3612 mali
727 3555 834 3630 poculo
848 3554 977 3612 animam
990 3556 1105 3632 expulit
1121 3580 1146 3614 u.
1429 3617 1439 3634 ι

349 3646 387 3715 (2)
408 3647 474 3718 Quo
494 3643 610 3718 planius
630 3660 674 3700 res
682 3642 869 3716 intellegatur
881 3643 987 3700 Isidori
1003 3645 1090 3701 verba
1109 3643 1228 3703 subieciz
1245 3663 1318 3720 quae
1329 3645 1475 3702 inclinatis

302 3731 417 3789 litteris
436 3748 568 3807 expressa
585 3741 652 3789 sunt
670 3749 737 3788 cum
757 3733 898 3790 Sallustio
916 3734 993 3807 apud
1009 3733 1144 3791 Servium
1162 3745 1337 3810 congruunt,
1351 3735 1476 3810 quadra-

313 3821 350 3878 tis
374 3820 478 3879 litteris
506 3822 643 3879 distincta
669 3821 829 3878 continuat
849 3838 916 3878 cum
943 3823 1046 3895 ignoto
1073 3834 1192 3879 auctore
1219 3821 1298 3898 apud
1320 3823 1473 3904 Solinum:

221 3930 233 3946 κ
316 3934 328 3959 l
348 3909 452 3966 Prima
470 3911 559 3968 Asiae
579 3909 705 3968 minoris
722 3911 869 3986 Bithynia
882 3930 915 3972 ru
927 3927 1020 3973 nourr
1028 3909 1170 3972 'axonrlto
1183 3928 1226 3970 ao
1243 3929 1373 3974 aaaron
1389 3927 1475 3975 soma

314 4015 468 4067 omittens,
490 4015 638 4062 novalias
656 4017 821 4062 ruaactau
835 4001 916 4070 iacet,
934 4001 1032 4058 multis
1046 4011 1130 4057 antea
1144 4001 1305 4061 nominibus
1320 3987 1474 4077 dypellata.

315 4089 392 4143 Nam
411 4102 503 4148 Palus
537 4101 696 4147 ausurum
722 4104 829 4160 oman,
855 4105 974 4149 DEINDE
1000 4103 1182 4160 hannoniae,
1203 4105 1272 4150 Mox
1290 4109 1311 4150 A
1336 4105 1474 4164 mantuo

313 4185 398 4248 ultas
414 4188 569 4234 Brrflrrtta
587 4184 764 4246 nuncupata.
789 4174 858 4250 Ipsa
880 4184 924 4232 est
946 4185 975 4231 et
1000 4174 1096 4232 maior
1120 4173 1272 4250 Phrygia.
1292 4178 1475 4236 Nlootsstma

314 4261 345 4320 in
363 4276 403 4326 eas
414 4265 484 4318 urbs
502 4271 555 4332 est,
574 4261 626 4318 ubi
646 4277 813 4322 nauatam
829 4276 969 4323 suerrus
985 4277 1113 4323 nauare
1130 4277 1251 4323 runaut
1270 4277 1402 4322 rutnans
1420 4277 1475 4326 ux·

313 4363 460 4412 seruasti
476 4375 502 4402 n·
1215 4367 1218 4372 ·
