3444 5132
811 293 846 304 -
862 263 897 322 25
912 293 947 306 ..

297 385 368 455 und
390 383 557 462 erlclaert,
582 381 717 478 Erfurt
749 381 834 474 1857
864 411 897 472 »,
926 383 1010 454 nihil
1041 384 1183 456 omnino
1211 386 1388 475 protulerit
1416 387 1458 458 de

294 505 499 580 Sallustiana
521 505 584 576 hac
607 504 813 598 digressione
835 506 880 576 ad
910 505 1165 599 Cappadociam
1197 524 1388 598 spectante,
1423 510 1457 579 in

297 630 402 700 dubio
425 628 636 720 relinquatur
657 651 794 700 necesse
817 647 878 720 est,
904 652 1007 720 quem
1033 632 1148 700 locum
1174 630 1208 700 in
1235 630 1396 700 Historiis
1419 655 1458 702 ea

297 751 490 822 obtinuerit.
518 754 604 824 Utut
621 751 656 820 id
680 768 741 837 est,
766 752 866 822 nobis
889 752 970 822 satis
992 753 1220 822 esse-videtur
1240 752 1455 845 significasse,

296 873 495 958 Sallustium
514 873 556 944 de
578 872 796 966 Cappadocia
822 875 873 965 egi
891 873 1057 967 potuisse:
1084 873 1140 942 alii
1160 872 1319 972 iudicent,
1341 891 1457 945 utrum

295 997 394 1068 tertio
417 1020 461 1067 an
485 1013 607 1089 quarto
626 996 714 1067 libro
733 998 798 1068 hoc
821 997 949 1067 sactum
968 997 1022 1068 sit.

342 1121 393 1190 Ex
415 1120 456 1190 iis
479 1143 567 1212 quae
586 1141 691 1209 supra
713 1119 853 1212 exposui
880 1120 1093 1190 coniecturae
1119 1119 1188 1190 iam
1219 1122 1313 1190 locus
1343 1123 1455 1206 datur,

247 1329 250 1336 ι
296 1243 404 1317 Solini
426 1245 530 1315 verba
552 1245 594 1312 de
616 1241 834 1336 Cappadocia
854 1245 928 1335 (45,
948 1265 984 1332 4.
1012 1245 1061 1333 5),
1089 1265 1238 1335 quorum
1262 1266 1341 1336 pars
1365 1247 1457 1337 apud

295 1367 467 1438 Isidorum
486 1389 623 1459 quoque
645 1367 777 1459 legitur,
802 1367 846 1437 ad
869 1365 1070 1440 Sallustium
1093 1367 1273 1460 pertinere.

340 1493 458 1562 Restat
480 1507 518 1560 ut
536 1492 577 1560 de
607 1491 711 1562 Orosi
744 1491 819 1560 loco
847 1494 896 1580 (r,
927 1493 961 1580 a)
994 1491 1196 1561 sententiam
1227 1491 1453 1584 proferamus.

299 1616 385 1706 Qua
408 1613 443 1684 in
462 1638 498 1685 re
516 1614 560 1685 ad
582 1613 808 1684 Theodorum
841 1615 883 1684 de
916 1616 1078 1684 Moerner
1109 1613 1354 1684 recurrendum
1384 1631 1455 1702 est,

295 1739 354 1832 qui
377 1740 419 1809 de
442 1739 545 1812 Orosi
564 1739 714 1808 lontibus
744 1738 901 1808 omnium
928 1737 1180 1809 accuratissime
1207 1738 1389 1830 disputavit
1422 1740 1457 1810 in

295 1862 383 1934 libro
405 1862 461 1932 cui
486 1863 687 1954 inscriptum
715 1878 765 1931 est
796 1890 822 1926 a·
836 1863 890 1932 De
923 1862 1046 1932 Orosii
1072 1863 1157 1934 vita'
1178 1862 1315 1954 eiusque
1344 1863 1455 1936 histo-

297 1987 435 2057 riarum
457 1984 563 2055 libris
585 1998 710 2078 septem
733 1985 900 2057 adversus
917 2007 1088 2080 paganos,
1116 1985 1279 2057 Berolim‘
1306 1987 1395 2077 1844
1421 2016 1454 2077 n,

295 2110 387 2181 unde
412 2109 578 2202 colligitur
609 2112 700 2202 (pag.
736 2110 795 2198 85)
828 2111 967 2181 brevem
998 2125 1167 2181 terrarum
1196 2109 1457 2203 descriptionem

297 2235 488 2305 secundumw
507 2249 610 2325 caput
631 2234 735 2326 primi
758 2233 836 2304 libri
858 2233 1020 2306 Orosiani
1051 2235 1163 2322 operis
1198 2236 1456 2327 amplectentem

294 2383 312 2430 e
335 2357 607 2452 cosmographia,
632 2380 719 2450 quae
744 2358 881 2428 Aethici
913 2359 964 2428 vel
999 2358 1110 2429 Ethici
1144 2359 1455 2432 nomine'circum-

293 2457 401 2554 fertur
425 2483 489 2573 (ι),
511 2483 555 2552 ad
575 2484 720 2554 verbum
739 2479 812 2554 esse
831 2483 1001 2554 haustam.
1024 2483 1135 2554 Nobis
1149 2505 1258 2575 neque
1277 2484 1319 2554 de
1335 2485 1456 2556 Ethico

293 2606 466 2699 disputare
491 2606 527 2674 in
551 2606 666 2676 animo
689 2623 751 2694 est,
773 2629 884 2698 neque
908 2609 949 2676 de
972 2607 1232 2698 cosmographia
1250 2628 1337 2698 quae
1355 2608 1385 2678 ei
1396 2610 1456 2678 ad-

293 2729 475 2816 tribuitur,
498 2727 581 2798 illud
607 2745 740 2800 tanturn
764 2729 984 2820 pronuntiare
1005 2728 1112 2818 liceat,
1133 2744 1240 2798 totam
1274 2729 1454 2800 lsidoriani

294 2851 337 2920 de
360 2872 431 2941 quo
451 2850 586 2942 agimus
608 2849 672 2920 loci
691 2850 950 2942 dispositionem
972 2851 1203 2922 coniecturam
1223 2853 1453 2944 suppeditare,

292 2973 380 3043 inter
392 2971 671 3065 cosmographiae
686 2972 838 3043 sontibus
852 2990 1025 3044 auctorem
1044 2974 1162 3061 fuisse,
1178 2974 1238 3066 qui
1256 2975 1369 3044 nescio
1385 2999 1455 3067 quo

292 3096 396 3168 modo
414 3095 459 3165 ad
481 3094 681 3168 Sallustium
699 3097 893 3190 respexerit.
921 3097 1010 3167 lllud
1034 3113 1149 3171 tamen
1180 3096 1234 3166 vix
1270 3097 1455 3170 diiudicare

292 3236 491 3314 possumus,
517 3219 671 3289 Isidorus
693 3237 810 3290 utrum
837 3210 1004 3308 Orosiun't
1031 3238 1103 3290 tam
1135 3243 1235 3313 saepe
1262 3221 1454 3296 adhibitum

255 3403 257 3409 .
292 3347 356 3415 hoc
377 3367 515 3436 quoque
534 3346 608 3414 loco
633 3343 855 3438 exscripserit,
883 3367 926 3415 an
952 3345 1098 3435 pendeat
1121 3367 1161 3416 ex
1184 3345 1259 3438 ipso
1278 3343 1450 3438 Sallustio,

277 3467 449 3558 vquamvis
474 3466 576 3540 huius
599 3468 701 3538 verba
729 3495 744 3530 a
764 3467 891 3562 (campi
919 3468 1168 3564 Themiscyrei)
1194 3492 1279 3561 quos
1308 3469 1453 3542 habuere

290 3595 480 3684 Amazones
499 3620 521 3668 a
542 3592 719 3665 Orosianis
742 3609 813 3662 tarn
842 3595 926 3663 bene
955 3594 1079 3664 inserta
1114 3616 1176 3663 nos
1202 3593 1381 3683 inducant,
1412 3611 1452 3663 ut

290 3717 407 3790 omnia
433 3740 520 3808 quae
542 3716 585 3788 de
606 3715 824 3810 Cappadocia
843 3718 1021 3790 tradantur
1044 3742 1083 3790 ex
1097 3741 1167 3790 uno
1186 3695 1279 3790 sonte
1294 3740 1450 3790 manasse

290 3859 532 3910 exrstrmemus.
563 3869 565 3876 ’

411 4002 429 4044 0

291 4059 429 4074 m

324 4187 362 4256 (ι)
375 4184 456 4240 Duae
469 4195 537 4242 sunt
548 4183 789 4258 cosmographiae
801 4182 900 4242 Ethici
915 4182 1037 4241 nomine
1046 4182 1213 4258 insignitae,
1223 4199 1347 4258 quarum
1360 4183 1450 4242 altera

289 4282 402 4333 tantum
417 4273 501 4344 (quae
515 4285 557 4330 est
568 4272 803 4338 inGrouoviana
817 4272 947 4342 editione
976 4273 1124 4348 Pomponi
1148 4273 1257 4343 Melae,
1276 4272 1369 4346 Lugd.
1387 4272 1448 4330 Bat.

291 4357 364 4426 1722,
378 4376 407 4431 p.
422 4357 551 4431 ras-733)
565 4361 690 4419 Orosius
702 4379 771 4419 usus
785 4372 835 4418 est.
1354 4357 1356 4360 ’

1404 4514 1415 4548 3
