<?xml version="1.0" encoding="UTF-8"?>
<!DOCTYPE html PUBLIC "-//W3C//DTD XHTML 1.0 Transitional//EN"
    "http://www.w3.org/TR/xhtml1/DTD/xhtml1-transitional.dtd">
<html xmlns="http://www.w3.org/1999/xhtml" xml:lang="en" lang="en">
 <head>
  <title>
</title>
<meta http-equiv="Content-Type" content="text/html;charset=utf-8" />
  <meta name='ocr-system' content='tesseract 3.04.00' />
  <meta name='ocr-capabilities' content='ocr_page ocr_carea ocr_par ocr_line ocrx_word'/>
</head>
<body>
  <div class='ocr_page' id='page_1' title='image "./deisidoriorigin00dresgoog_0052.png"; bbox 0 0 3444 5132; ppageno 0'>
   <div class='ocr_carea' id='block_1_1' title="bbox 763 1059 1029 1118">
    <p class='ocr_par' dir='ltr' id='par_1_1' title="bbox 763 1059 1029 1118">
     <span class='ocr_line' id='line_1_1' title="bbox 763 1059 1029 1118; baseline -0.011 0"><span class='ocrx_word' id='word_1_1' title='bbox 763 1062 817 1118; x_wconf 83' lang='grc' dir='ltr'>ῠΕ</span> <span class='ocrx_word' id='word_1_2' title='bbox 851 1059 1029 1117; x_wconf 80' lang='grc' dir='ltr'>801.ΙΝο</span> 
     </span>
    </p>
   </div>
   <div class='ocr_carea' id='block_1_2' title="bbox 554 1129 562 1160">
    <p class='ocr_par' dir='ltr' id='par_1_2' title="bbox 554 1129 562 1160">
     <span class='ocr_line' id='line_1_2' title="bbox 554 1129 562 1160; baseline 0 0"><span class='ocrx_word' id='word_1_3' title='bbox 554 1129 562 1160; x_wconf 90' lang='lat'><em>(</em></span> 
     </span>
    </p>
   </div>
   <div class='ocr_carea' id='block_1_3' title="bbox 310 1409 1479 1881">
    <p class='ocr_par' dir='ltr' id='par_1_3' title="bbox 310 1409 1479 1881">
     <span class='ocr_line' id='line_1_3' title="bbox 360 1409 1477 1510; baseline 0 -2"><span class='ocrx_word' id='word_1_4' title='bbox 360 1437 403 1508; x_wconf 93' lang='lat' dir='ltr'>C.</span> <span class='ocrx_word' id='word_1_5' title='bbox 432 1436 498 1508; x_wconf 90' lang='lat' dir='ltr'>Iuli</span> <span class='ocrx_word' id='word_1_6' title='bbox 522 1435 630 1509; x_wconf 92' lang='lat' dir='ltr'>Solini</span> <span class='ocrx_word' id='word_1_7' title='bbox 648 1409 854 1507; x_wconf 82' lang='lat' dir='ltr'>collectanea</span> <span class='ocrx_word' id='word_1_8' title='bbox 883 1457 999 1506; x_wconf 90' lang='lat' dir='ltr'>rerum</span> <span class='ocrx_word' id='word_1_9' title='bbox 1036 1437 1311 1508; x_wconf 84' lang='lat' dir='ltr'>memorabilium</span> <span class='ocrx_word' id='word_1_10' title='bbox 1340 1439 1386 1508; x_wconf 86' lang='lat' dir='ltr'>ab</span> <span class='ocrx_word' id='word_1_11' title='bbox 1412 1439 1477 1510; x_wconf 92' lang='lat' dir='ltr'>Isi-</span> 
     </span>
     <span class='ocr_line' id='line_1_4' title="bbox 312 1559 1479 1655; baseline 0.002 -23"><span class='ocrx_word' id='word_1_12' title='bbox 312 1563 397 1632; x_wconf 91' lang='lat' dir='ltr'>doro</span> <span class='ocrx_word' id='word_1_13' title='bbox 419 1562 455 1631; x_wconf 89' lang='lat' dir='ltr'>in</span> <span class='ocrx_word' id='word_1_14' title='bbox 476 1559 771 1652; x_wconf 83' lang='lat' dir='ltr'>Etymologiarum</span> <span class='ocrx_word' id='word_1_15' title='bbox 799 1559 893 1630; x_wconf 89' lang='lat' dir='ltr'>libris</span> <span class='ocrx_word' id='word_1_16' title='bbox 925 1580 1171 1651; x_wconf 88' lang='lat' dir='ltr'>saepenumero</span> <span class='ocrx_word' id='word_1_17' title='bbox 1197 1561 1349 1632; x_wconf 90' lang='lat' dir='ltr'>adhibita</span> <span class='ocrx_word' id='word_1_18' title='bbox 1377 1580 1479 1655; x_wconf 88' lang='lat' dir='ltr'>atque</span> 
     </span>
     <span class='ocr_line' id='line_1_5' title="bbox 311 1684 1477 1776; baseline 0 -20"><span class='ocrx_word' id='word_1_19' title='bbox 311 1685 530 1776; x_wconf 83' lang='lat' dir='ltr'>transscripta</span> <span class='ocrx_word' id='word_1_20' title='bbox 547 1707 620 1754; x_wconf 88' lang='lat' dir='ltr'>esse</span> <span class='ocrx_word' id='word_1_21' title='bbox 637 1706 717 1754; x_wconf 92' lang='lat' dir='ltr'>cum</span> <span class='ocrx_word' id='word_1_22' title='bbox 736 1684 887 1755; x_wconf 88' lang='lat' dir='ltr'>Grialius</span> <span class='ocrx_word' id='word_1_23' title='bbox 901 1698 933 1753; x_wconf 91' lang='lat' dir='ltr'>et</span> <span class='ocrx_word' id='word_1_24' title='bbox 953 1685 1122 1754; x_wconf 88' lang='lat' dir='ltr'>Arevalus</span> <span class='ocrx_word' id='word_1_25' title='bbox 1134 1685 1264 1776; x_wconf 89' lang='lat' dir='ltr'>passim</span> <span class='ocrx_word' id='word_1_26' title='bbox 1282 1685 1318 1755; x_wconf 91' lang='lat' dir='ltr'>in</span> <span class='ocrx_word' id='word_1_27' title='bbox 1332 1687 1477 1756; x_wconf 87' lang='lat' dir='ltr'>adnota-</span> 
     </span>
     <span class='ocr_line' id='line_1_6' title="bbox 310 1808 1477 1881; baseline 0.002 -3"><span class='ocrx_word' id='word_1_28' title='bbox 310 1810 460 1881; x_wconf 83' lang='lat' dir='ltr'>tionibus</span> <span class='ocrx_word' id='word_1_29' title='bbox 483 1810 683 1879; x_wconf 86' lang='lat' dir='ltr'>rettulerunt</span> <span class='ocrx_word' id='word_1_30' title='bbox 706 1825 781 1878; x_wconf 91' lang='lat' dir='ltr'>turn</span> <span class='ocrx_word' id='word_1_31' title='bbox 815 1809 1055 1879; x_wconf 88' lang='lat' dir='ltr'>Mommsenus</span> <span class='ocrx_word' id='word_1_32' title='bbox 1078 1808 1324 1879; x_wconf 88' lang='lat' dir='ltr'>demonstravit</span> <span class='ocrx_word' id='word_1_33' title='bbox 1346 1810 1381 1879; x_wconf 89' lang='lat' dir='ltr'>in</span> <span class='ocrx_word' id='word_1_34' title='bbox 1404 1810 1477 1880; x_wconf 89' lang='lat' dir='ltr'>edi-</span> 
     </span>
    </p>
   </div>
   <div class='ocr_carea' id='block_1_4' title="bbox 311 1933 1491 2523">
    <p class='ocr_par' dir='ltr' id='par_1_4' title="bbox 311 1933 1491 2523">
     <span class='ocr_line' id='line_1_7' title="bbox 311 1933 1491 2025; baseline 0.002 -21"><span class='ocrx_word' id='word_1_35' title='bbox 311 1935 403 2004; x_wconf 88' lang='lat' dir='ltr'>tione</span> <span class='ocrx_word' id='word_1_36' title='bbox 421 1933 529 2007; x_wconf 91' lang='lat' dir='ltr'>Solini</span> <span class='ocrx_word' id='word_1_37' title='bbox 551 1933 717 2024; x_wconf 80' lang='lat' dir='ltr'>(berolini</span> <span class='ocrx_word' id='word_1_38' title='bbox 748 1933 863 2023; x_wconf 82' lang='lat'>1864),</span> <span class='ocrx_word' id='word_1_39' title='bbox 892 1956 959 2024; x_wconf 90' lang='lat' dir='ltr'>qua</span> <span class='ocrx_word' id='word_1_40' title='bbox 994 1954 1152 2004; x_wconf 87' lang='lat' dir='ltr'>normam</span> <span class='ocrx_word' id='word_1_41' title='bbox 1177 1933 1275 2024; x_wconf 89' lang='lat' dir='ltr'>quasi</span> <span class='ocrx_word' id='word_1_42' title='bbox 1303 1935 1491 2025; x_wconf 82' lang='lat' dir='ltr'>quandam&#39;</span> 
     </span>
     <span class='ocr_line' id='line_1_8' title="bbox 312 2058 1476 2132; baseline 0 -2"><span class='ocrx_word' id='word_1_43' title='bbox 312 2059 460 2131; x_wconf 85' lang='lat' dir='ltr'>auctoris</span> <span class='ocrx_word' id='word_1_44' title='bbox 482 2060 526 2129; x_wconf 91' lang='lat' dir='ltr'>ad</span> <span class='ocrx_word' id='word_1_45' title='bbox 548 2060 660 2132; x_wconf 88' lang='lat' dir='ltr'>fontes</span> <span class='ocrx_word' id='word_1_46' title='bbox 683 2082 764 2132; x_wconf 90' lang='lat' dir='ltr'>suos</span> <span class='ocrx_word' id='word_1_47' title='bbox 786 2058 966 2130; x_wconf 88' lang='lat' dir='ltr'>revocandi</span> <span class='ocrx_word' id='word_1_48' title='bbox 994 2059 1179 2129; x_wconf 86' lang='lat' dir='ltr'>constituit.</span> <span class='ocrx_word' id='word_1_49' title='bbox 1211 2060 1252 2128; x_wconf 94' lang='lat' dir='ltr'>In</span> <span class='ocrx_word' id='word_1_50' title='bbox 1284 2060 1476 2131; x_wconf 88' lang='lat' dir='ltr'>adnotatio-</span> 
     </span>
     <span class='ocr_line' id='line_1_9' title="bbox 312 2163 1475 2275; baseline 0.001 -22"><span class='ocrx_word' id='word_1_51' title='bbox 312 2182 414 2254; x_wconf 92' lang='lat' dir='ltr'>nibus</span> <span class='ocrx_word' id='word_1_52' title='bbox 429 2183 521 2253; x_wconf 92' lang='lat' dir='ltr'>enim</span> <span class='ocrx_word' id='word_1_53' title='bbox 535 2184 580 2254; x_wconf 89' lang='lat' dir='ltr'>ad</span> <span class='ocrx_word' id='word_1_54' title='bbox 593 2200 788 2254; x_wconf 87' lang='lat' dir='ltr'>contextum</span> <span class='ocrx_word' id='word_1_55' title='bbox 807 2182 991 2253; x_wconf 89' lang='lat' dir='ltr'>verborum</span> <span class='ocrx_word' id='word_1_56' title='bbox 1006 2205 1045 2253; x_wconf 87' lang='lat' dir='ltr'>ea</span> <span class='ocrx_word' id='word_1_57' title='bbox 1065 2184 1328 2275; x_wconf 64' lang='lat' dir='ltr'>indicavitouae</span> <span class='ocrx_word' id='word_1_58' title='bbox 1346 2163 1396 2254; x_wconf 82' lang='lat' dir='ltr'>ab¹</span> <span class='ocrx_word' id='word_1_59' title='bbox 1410 2179 1475 2254; x_wconf 91' lang='lat' dir='ltr'>Isi-</span> 
     </span>
     <span class='ocr_line' id='line_1_10' title="bbox 312 2306 1477 2401; baseline 0.003 -26"><span class='ocrx_word' id='word_1_60' title='bbox 312 2306 398 2376; x_wconf 91' lang='lat' dir='ltr'>doro</span> <span class='ocrx_word' id='word_1_61' title='bbox 412 2323 471 2376; x_wconf 87' lang='lat' dir='ltr'>aut</span> <span class='ocrx_word' id='word_1_62' title='bbox 484 2307 637 2378; x_wconf 89' lang='lat' dir='ltr'>adhibita</span> <span class='ocrx_word' id='word_1_63' title='bbox 650 2321 709 2377; x_wconf 90' lang='lat' dir='ltr'>aut</span> <span class='ocrx_word' id='word_1_64' title='bbox 723 2306 905 2398; x_wconf 89' lang='lat' dir='ltr'>compilata</span> <span class='ocrx_word' id='word_1_65' title='bbox 922 2323 982 2377; x_wconf 90' lang='lat' dir='ltr'>aut</span> <span class='ocrx_word' id='word_1_66' title='bbox 995 2307 1159 2399; x_wconf 87' lang='lat' dir='ltr'>exscripta</span> <span class='ocrx_word' id='word_1_67' title='bbox 1175 2324 1265 2397; x_wconf 87' lang='lat' dir='ltr'>sunt,</span> <span class='ocrx_word' id='word_1_68' title='bbox 1287 2324 1318 2376; x_wconf 88' lang='lat' dir='ltr'>et</span> <span class='ocrx_word' id='word_1_69' title='bbox 1333 2307 1366 2376; x_wconf 94' lang='lat' dir='ltr'>in</span> <span class='ocrx_word' id='word_1_70' title='bbox 1378 2329 1477 2401; x_wconf 84' lang='lat' dir='ltr'>prae-</span> 
     </span>
     <span class='ocr_line' id='line_1_11' title="bbox 311 2420 1470 2523; baseline 0.002 -25"><span class='ocrx_word' id='word_1_71' title='bbox 311 2428 437 2499; x_wconf 82' lang='lat' dir='ltr'>fatione</span> <span class='ocrx_word' id='word_1_72' title='bbox 462 2429 574 2523; x_wconf 92' lang='lat' dir='ltr'>operis</span> <span class='ocrx_word' id='word_1_73' title='bbox 596 2453 631 2522; x_wconf 91' lang='lat' dir='ltr'>p.</span> <span class='ocrx_word' id='word_1_74' title='bbox 652 2430 751 2500; x_wconf 87' lang='lat' dir='ltr'>XXX</span> <span class='ocrx_word' id='word_1_75' title='bbox 773 2431 815 2500; x_wconf 90' lang='lat' dir='ltr'>de</span> <span class='ocrx_word' id='word_1_76' title='bbox 838 2430 968 2501; x_wconf 87' lang='lat' dir='ltr'>ratione</span> <span class='ocrx_word' id='word_1_77' title='bbox 1003 2420 1079 2522; x_wconf 85' lang='lat' dir='ltr'>qua</span> <span class='ocrx_word' id='word_1_78' title='bbox 1105 2429 1260 2500; x_wconf 89' lang='lat' dir='ltr'>Isidorus</span> <span class='ocrx_word' id='word_1_79' title='bbox 1293 2430 1328 2499; x_wconf 93' lang='lat' dir='ltr'>in</span> <span class='ocrx_word' id='word_1_80' title='bbox 1359 2432 1470 2523; x_wconf 86' lang='lat' dir='ltr'>expri-</span> 
     </span>
    </p>
   </div>
   <div class='ocr_carea' id='block_1_5' title="bbox 277 2552 1510 4488">
    <p class='ocr_par' dir='ltr' id='par_1_5' title="bbox 277 2552 1510 4258">
     <span class='ocr_line' id='line_1_12' title="bbox 311 2552 1474 2626; baseline 0 -4"><span class='ocrx_word' id='word_1_81' title='bbox 311 2552 445 2624; x_wconf 89' lang='lat' dir='ltr'>mendis</span> <span class='ocrx_word' id='word_1_82' title='bbox 464 2552 650 2626; x_wconf 88' lang='lat' dir='ltr'>Solinianis</span> <span class='ocrx_word' id='word_1_83' title='bbox 663 2575 745 2623; x_wconf 91' lang='lat' dir='ltr'>usus</span> <span class='ocrx_word' id='word_1_84' title='bbox 759 2571 809 2624; x_wconf 90' lang='lat' dir='ltr'>est</span> <span class='ocrx_word' id='word_1_85' title='bbox 828 2555 911 2623; x_wconf 90' lang='lat' dir='ltr'>haec</span> <span class='ocrx_word' id='word_1_86' title='bbox 925 2553 1083 2625; x_wconf 90' lang='lat' dir='ltr'>tradidit:</span> <span class='ocrx_word' id='word_1_87' title='bbox 1110 2553 1304 2626; x_wconf 85' lang='lat' dir='ltr'>«Similiter</span> <span class='ocrx_word' id='word_1_88' title='bbox 1320 2553 1474 2624; x_wconf 89' lang='lat' dir='ltr'>Isidorus</span> 
     </span>
     <span class='ocr_line' id='line_1_13' title="bbox 313 2677 1477 2772; baseline -0.003 -24"><span class='ocrx_word' id='word_1_89' title='bbox 313 2679 527 2772; x_wconf 86' lang='lat' dir='ltr'>Hispalensis</span> <span class='ocrx_word' id='word_1_90' title='bbox 550 2681 592 2770; x_wconf 85' lang='lat'>(†</span> <span class='ocrx_word' id='word_1_91' title='bbox 623 2699 653 2749; x_wconf 90' lang='lat' dir='ltr'>c.</span> <span class='ocrx_word' id='word_1_92' title='bbox 684 2679 768 2768; x_wconf 83' lang='lat'><strong>636)</strong></span> <span class='ocrx_word' id='word_1_93' title='bbox 792 2679 827 2747; x_wconf 91' lang='lat' dir='ltr'>in</span> <span class='ocrx_word' id='word_1_94' title='bbox 852 2678 939 2749; x_wconf 90' lang='lat' dir='ltr'>libro</span> <span class='ocrx_word' id='word_1_95' title='bbox 963 2678 1005 2747; x_wconf 91' lang='lat' dir='ltr'>de</span> <span class='ocrx_word' id='word_1_96' title='bbox 1028 2694 1150 2748; x_wconf 88' lang='lat' dir='ltr'>natura</span> <span class='ocrx_word' id='word_1_97' title='bbox 1181 2701 1297 2750; x_wconf 88' lang='lat' dir='ltr'>rerum</span> <span class='ocrx_word' id='word_1_98' title='bbox 1316 2677 1477 2750; x_wconf 91' lang='lat' dir='ltr'>Solinum</span> 
     </span>
     <span class='ocr_line' id='line_1_14' title="bbox 310 2801 1474 2896; baseline -0.003 -23"><span class='ocrx_word' id='word_1_99' title='bbox 310 2804 389 2874; x_wconf 89' lang='lat' dir='ltr'>citat</span> <span class='ocrx_word' id='word_1_100' title='bbox 406 2804 622 2878; x_wconf 86' lang='lat' dir='ltr'>nominatim.</span> <span class='ocrx_word' id='word_1_101' title='bbox 641 2804 789 2873; x_wconf 91' lang='lat' dir='ltr'>eundem</span> <span class='ocrx_word' id='word_1_102' title='bbox 812 2802 848 2872; x_wconf 92' lang='lat' dir='ltr'>in</span> <span class='ocrx_word' id='word_1_103' title='bbox 867 2802 1079 2896; x_wconf 83' lang='lat' dir='ltr'>etymologiis</span> <span class='ocrx_word' id='word_1_104' title='bbox 1102 2803 1163 2872; x_wconf 89' lang='lat' dir='ltr'>etsi</span> <span class='ocrx_word' id='word_1_105' title='bbox 1182 2826 1221 2873; x_wconf 87' lang='lat' dir='ltr'>ex</span> <span class='ocrx_word' id='word_1_106' title='bbox 1245 2801 1359 2895; x_wconf 91' lang='lat' dir='ltr'>operis</span> <span class='ocrx_word' id='word_1_107' title='bbox 1377 2803 1474 2871; x_wconf 91' lang='lat' dir='ltr'>insti-</span> 
     </span>
     <span class='ocr_line' id='line_1_15' title="bbox 311 2926 1477 3019; baseline -0.001 -22"><span class='ocrx_word' id='word_1_108' title='bbox 311 2945 384 2998; x_wconf 90' lang='lat' dir='ltr'>tuto</span> <span class='ocrx_word' id='word_1_109' title='bbox 402 2944 556 2998; x_wconf 88' lang='lat' dir='ltr'>auctores</span> <span class='ocrx_word' id='word_1_110' title='bbox 578 2949 647 2997; x_wconf 90' lang='lat' dir='ltr'>non</span> <span class='ocrx_word' id='word_1_111' title='bbox 671 2927 844 3018; x_wconf 85' lang='lat' dir='ltr'>adscribit,</span> <span class='ocrx_word' id='word_1_112' title='bbox 869 2944 983 2998; x_wconf 85' lang='lat' dir='ltr'>tamen</span> <span class='ocrx_word' id='word_1_113' title='bbox 1007 2926 1123 2998; x_wconf 88' lang='lat' dir='ltr'>multis</span> <span class='ocrx_word' id='word_1_114' title='bbox 1150 2928 1235 2997; x_wconf 90' lang='lat' dir='ltr'>locis</span> <span class='ocrx_word' id='word_1_115' title='bbox 1266 2927 1414 3019; x_wconf 91' lang='lat' dir='ltr'>pendere</span> <span class='ocrx_word' id='word_1_116' title='bbox 1437 2949 1477 2996; x_wconf 84' lang='lat' dir='ltr'>ex</span> 
     </span>
     <span class='ocr_line' id='line_1_16' title="bbox 311 3051 1476 3144; baseline -0.001 -20"><span class='ocrx_word' id='word_1_117' title='bbox 311 3051 430 3124; x_wconf 90' lang='lat' dir='ltr'>Solino</span> <span class='ocrx_word' id='word_1_118' title='bbox 452 3074 531 3121; x_wconf 91' lang='lat' dir='ltr'>cum</span> <span class='ocrx_word' id='word_1_119' title='bbox 551 3068 690 3144; x_wconf 87' lang='lat' dir='ltr'>propter</span> <span class='ocrx_word' id='word_1_120' title='bbox 713 3051 778 3121; x_wconf 88' lang='lat' dir='ltr'>alia</span> <span class='ocrx_word' id='word_1_121' title='bbox 805 3067 1007 3144; x_wconf 83' lang='lat' dir='ltr'>argumenta</span> <span class='ocrx_word' id='word_1_122' title='bbox 1034 3067 1165 3121; x_wconf 87' lang='lat' dir='ltr'>certum</span> <span class='ocrx_word' id='word_1_123' title='bbox 1198 3068 1248 3121; x_wconf 87' lang='lat' dir='ltr'>est</span> <span class='ocrx_word' id='word_1_124' title='bbox 1279 3068 1353 3122; x_wconf 90' lang='lat' dir='ltr'>tum</span> <span class='ocrx_word' id='word_1_125' title='bbox 1383 3055 1476 3144; x_wconf 88' lang='lat' dir='ltr'>quod</span> 
     </span>
     <span class='ocr_line' id='line_1_17' title="bbox 311 3169 1476 3267; baseline 0 -23"><span class='ocrx_word' id='word_1_126' title='bbox 311 3173 484 3246; x_wconf 88' lang='lat' dir='ltr'>interdum</span> <span class='ocrx_word' id='word_1_127' title='bbox 509 3169 554 3244; x_wconf 90' lang='lat' dir='ltr'>ita</span> <span class='ocrx_word' id='word_1_128' title='bbox 578 3176 713 3265; x_wconf 89' lang='lat' dir='ltr'>erravit,</span> <span class='ocrx_word' id='word_1_129' title='bbox 740 3191 777 3244; x_wconf 94' lang='lat' dir='ltr'>ut</span> <span class='ocrx_word' id='word_1_130' title='bbox 800 3175 874 3267; x_wconf 91' lang='lat' dir='ltr'>ipsa</span> <span class='ocrx_word' id='word_1_131' title='bbox 896 3174 1005 3247; x_wconf 90' lang='lat' dir='ltr'>Solini</span> <span class='ocrx_word' id='word_1_132' title='bbox 1028 3174 1131 3245; x_wconf 89' lang='lat' dir='ltr'>verba</span> <span class='ocrx_word' id='word_1_133' title='bbox 1154 3190 1231 3244; x_wconf 92' lang='lat' dir='ltr'>ante</span> <span class='ocrx_word' id='word_1_134' title='bbox 1251 3176 1369 3245; x_wconf 88' lang='lat' dir='ltr'>oculos</span> <span class='ocrx_word' id='word_1_135' title='bbox 1395 3198 1476 3245; x_wconf 90' lang='lat' dir='ltr'>eum</span> 
     </span>
     <span class='ocr_line' id='line_1_18' title="bbox 311 3297 1473 3390; baseline -0.001 -23"><span class='ocrx_word' id='word_1_136' title='bbox 311 3297 604 3390; x_wconf 88' lang='lat' dir='ltr'>habuissepateat.</span> <span class='ocrx_word' id='word_1_137' title='bbox 626 3297 673 3368; x_wconf 86' lang='lat' dir='ltr'>sie</span> <span class='ocrx_word' id='word_1_138' title='bbox 696 3320 748 3389; x_wconf 86' lang='lat'>14,</span> <span class='ocrx_word' id='word_1_139' title='bbox 772 3298 805 3383; x_wconf 85' lang='lat'>3,</span> <span class='ocrx_word' id='word_1_140' title='bbox 825 3298 868 3368; x_wconf 83' lang='lat'>32</span> <span class='ocrx_word' id='word_1_141' title='bbox 880 3321 920 3368; x_wconf 82' lang='lat' dir='ltr'>ex</span> <span class='ocrx_word' id='word_1_142' title='bbox 939 3297 1133 3370; x_wconf 91' lang='lat' dir='ltr'>Soliniloco</span> <span class='ocrx_word' id='word_1_143' title='bbox 1149 3321 1184 3390; x_wconf 90' lang='lat' dir='ltr'>p.</span> <span class='ocrx_word' id='word_1_144' title='bbox 1200 3299 1258 3390; x_wconf 83' lang='lat'>96,</span> <span class='ocrx_word' id='word_1_145' title='bbox 1286 3321 1320 3367; x_wconf 90' lang='lat'>11</span> <span class='ocrx_word' id='word_1_146' title='bbox 1337 3322 1344 3366; x_wconf 77' lang='grc' dir='ltr'><strong>ε</strong></span> <span class='ocrx_word' id='word_1_147' title='bbox 1372 3299 1473 3368; x_wconf 89' lang='lat' dir='ltr'>‘He-</span> 
     </span>
     <span class='ocr_line' id='line_1_19' title="bbox 277 3420 1474 3516; baseline -0.001 -25"><span class='ocrx_word' id='word_1_148' title='bbox 277 3509 279 3516; x_wconf 20' lang='lat' dir='ltr'>l</span> <span class='ocrx_word' id='word_1_149' title='bbox 309 3422 512 3492; x_wconf 90' lang='lat' dir='ltr'>niochorum</span> <span class='ocrx_word' id='word_1_150' title='bbox 531 3438 665 3493; x_wconf 87' lang='lat' dir='ltr'>montes</span> <span class='ocrx_word' id='word_1_151' title='bbox 683 3423 834 3501; x_wconf 85' lang='lat' dir='ltr'>Araxen,</span> <span class='ocrx_word' id='word_1_152' title='bbox 857 3422 1084 3492; x_wconf 89' lang='lat' dir='ltr'>Moschorum</span> <span class='ocrx_word' id='word_1_153' title='bbox 1105 3422 1291 3492; x_wconf 90' lang='lat' dir='ltr'>Phasidem</span> <span class='ocrx_word' id='word_1_154' title='bbox 1311 3420 1474 3516; x_wconf 83' lang='lat' dir='ltr'>fundunt’</span> 
     </span>
     <span class='ocr_line' id='line_1_20' title="bbox 310 3544 1474 3638; baseline -0.002 -20"><span class='ocrx_word' id='word_1_155' title='bbox 310 3548 393 3618; x_wconf 84' lang='lat' dir='ltr'>haec</span> <span class='ocrx_word' id='word_1_156' title='bbox 416 3547 540 3617; x_wconf 88' lang='lat' dir='ltr'>effecit:</span> <span class='ocrx_word' id='word_1_157' title='bbox 573 3549 583 3588; x_wconf 91' lang='lat'>‘</span> <span class='ocrx_word' id='word_1_158' title='bbox 607 3546 709 3617; x_wconf 89' lang='lat' dir='ltr'>habet</span> <span class='ocrx_word' id='word_1_159' title='bbox 728 3563 760 3616; x_wconf 86' lang='lat' dir='ltr'>et</span> <span class='ocrx_word' id='word_1_160' title='bbox 783 3547 928 3616; x_wconf 89' lang='lat' dir='ltr'>flumina</span> <span class='ocrx_word' id='word_1_161' title='bbox 954 3565 1077 3638; x_wconf 82' lang='lat' dir='ltr'>magna</span> <span class='ocrx_word' id='word_1_162' title='bbox 1096 3544 1269 3619; x_wconf 91' lang='lat' dir='ltr'>Oscorum</span> <span class='ocrx_word' id='word_1_163' title='bbox 1289 3546 1474 3617; x_wconf 88' lang='lat' dir='ltr'>Phasidem</span> 
     </span>
     <span class='ocr_line' id='line_1_21' title="bbox 309 3671 1473 3762; baseline -0.001 -21"><span class='ocrx_word' id='word_1_164' title='bbox 309 3687 411 3762; x_wconf 91' lang='lat' dir='ltr'>atque</span> <span class='ocrx_word' id='word_1_165' title='bbox 438 3671 633 3760; x_wconf 80' lang='lat' dir='ltr'>Araxen’3</span> <span class='ocrx_word' id='word_1_166' title='bbox 661 3692 764 3762; x_wconf 87' lang='lat' dir='ltr'>quem</span> <span class='ocrx_word' id='word_1_167' title='bbox 788 3694 940 3743; x_wconf 88' lang='lat' dir='ltr'>errorem</span> <span class='ocrx_word' id='word_1_168' title='bbox 964 3672 1130 3760; x_wconf 86' lang='lat' dir='ltr'>Isidorus,</span> <span class='ocrx_word' id='word_1_169' title='bbox 1158 3671 1186 3740; x_wconf 92' lang='lat' dir='ltr'>si</span> <span class='ocrx_word' id='word_1_170' title='bbox 1212 3673 1277 3742; x_wconf 93' lang='lat' dir='ltr'>hoc</span> <span class='ocrx_word' id='word_1_171' title='bbox 1311 3673 1385 3742; x_wconf 90' lang='lat' dir='ltr'>loco</span> <span class='ocrx_word' id='word_1_172' title='bbox 1407 3671 1473 3744; x_wconf 92' lang='lat' dir='ltr'>So-</span> 
     </span>
     <span class='ocr_line' id='line_1_22' title="bbox 311 3795 1471 3889; baseline -0.002 -21"><span class='ocrx_word' id='word_1_173' title='bbox 311 3796 369 3868; x_wconf 94' lang='lat' dir='ltr'>lini</span> <span class='ocrx_word' id='word_1_174' title='bbox 387 3813 561 3866; x_wconf 89' lang='lat' dir='ltr'>auctorem</span> <span class='ocrx_word' id='word_1_175' title='bbox 586 3795 739 3867; x_wconf 90' lang='lat' dir='ltr'>Plinium</span> <span class='ocrx_word' id='word_1_176' title='bbox 762 3819 872 3888; x_wconf 90' lang='lat' dir='ltr'>neque</span> <span class='ocrx_word' id='word_1_177' title='bbox 896 3797 1011 3889; x_wconf 91' lang='lat' dir='ltr'>ipsum</span> <span class='ocrx_word' id='word_1_178' title='bbox 1033 3796 1191 3869; x_wconf 90' lang='lat' dir='ltr'>Solinum</span> <span class='ocrx_word' id='word_1_179' title='bbox 1216 3812 1351 3866; x_wconf 88' lang='lat' dir='ltr'>secutus</span> <span class='ocrx_word' id='word_1_180' title='bbox 1373 3814 1471 3885; x_wconf 85' lang='lat' dir='ltr'>esset,</span> 
     </span>
     <span class='ocr_line' id='line_1_23' title="bbox 309 3916 1510 4010; baseline -0.001 -22"><span class='ocrx_word' id='word_1_181' title='bbox 309 3939 530 4010; x_wconf 87' lang='lat' dir='ltr'>nequaquam</span> <span class='ocrx_word' id='word_1_182' title='bbox 561 3917 800 3989; x_wconf 89' lang='lat' dir='ltr'>commisisset.</span> <span class='ocrx_word' id='word_1_183' title='bbox 835 3917 991 3989; x_wconf 90' lang='lat' dir='ltr'>adhibuit</span> <span class='ocrx_word' id='word_1_184' title='bbox 1012 3935 1127 3988; x_wconf 88' lang='lat' dir='ltr'>tamen</span> <span class='ocrx_word' id='word_1_185' title='bbox 1163 3916 1317 3988; x_wconf 91' lang='lat' dir='ltr'>Isidorus</span> <span class='ocrx_word' id='word_1_186' title='bbox 1343 3934 1475 4010; x_wconf 88' lang='lat' dir='ltr'>praeter</span> <span class='ocrx_word' id='word_1_187' title='bbox 1505 3937 1510 3946; x_wconf 88' lang='lat'><em>·</em></span> 
     </span>
     <span class='ocr_line' id='line_1_24' title="bbox 309 4041 1473 4135; baseline -0.003 -21"><span class='ocrx_word' id='word_1_188' title='bbox 309 4041 467 4114; x_wconf 88' lang='lat' dir='ltr'>Solinum</span> <span class='ocrx_word' id='word_1_189' title='bbox 490 4041 593 4112; x_wconf 92' lang='lat' dir='ltr'>etiam</span> <span class='ocrx_word' id='word_1_190' title='bbox 616 4042 730 4134; x_wconf 90' lang='lat' dir='ltr'>ipsum</span> <span class='ocrx_word' id='word_1_191' title='bbox 755 4041 907 4113; x_wconf 91' lang='lat' dir='ltr'>Plinium</span> <span class='ocrx_word' id='word_1_192' title='bbox 934 4059 967 4113; x_wconf 91' lang='lat' dir='ltr'>et</span> <span class='ocrx_word' id='word_1_193' title='bbox 990 4063 1090 4135; x_wconf 89' lang='lat' dir='ltr'>saepe</span> <span class='ocrx_word' id='word_1_194' title='bbox 1124 4043 1194 4123; x_wconf 89' lang='lat' dir='ltr'>ita,</span> <span class='ocrx_word' id='word_1_195' title='bbox 1225 4041 1320 4112; x_wconf 90' lang='lat' dir='ltr'>utin</span> <span class='ocrx_word' id='word_1_196' title='bbox 1353 4042 1473 4111; x_wconf 88' lang='lat' dir='ltr'>eodem</span> 
     </span>
     <span class='ocr_line' id='line_1_25' title="bbox 308 4165 1088 4258; baseline 0.003 -24"><span class='ocrx_word' id='word_1_197' title='bbox 308 4168 416 4258; x_wconf 89' lang='lat' dir='ltr'>capite</span> <span class='ocrx_word' id='word_1_198' title='bbox 435 4165 607 4237; x_wconf 89' lang='lat' dir='ltr'>miscuerit</span> <span class='ocrx_word' id='word_1_199' title='bbox 631 4165 787 4237; x_wconf 89' lang='lat' dir='ltr'>Pliniana</span> <span class='ocrx_word' id='word_1_200' title='bbox 810 4182 842 4236; x_wconf 89' lang='lat' dir='ltr'>et</span> <span class='ocrx_word' id='word_1_201' title='bbox 864 4165 1041 4239; x_wconf 87' lang='lat' dir='ltr'>Soliniana</span> <span class='ocrx_word' id='word_1_202' title='bbox 1056 4195 1088 4236; x_wconf 81' lang='lat' dir='ltr'>u.</span> 
     </span>
    </p>

    <p class='ocr_par' dir='ltr' id='par_1_6' title="bbox 353 4289 1470 4384">
     <span class='ocr_line' id='line_1_26' title="bbox 353 4289 1470 4384; baseline -0.004 -21"><span class='ocrx_word' id='word_1_203' title='bbox 353 4289 508 4363; x_wconf 86' lang='lat' dir='ltr'>Solidum</span> <span class='ocrx_word' id='word_1_204' title='bbox 534 4292 633 4384; x_wconf 82' lang='lat' dir='ltr'>igitur</span> <span class='ocrx_word' id='word_1_205' title='bbox 656 4291 691 4362; x_wconf 92' lang='lat' dir='ltr'>in</span> <span class='ocrx_word' id='word_1_206' title='bbox 715 4307 831 4361; x_wconf 88' lang='lat' dir='ltr'>nostra</span> <span class='ocrx_word' id='word_1_207' title='bbox 854 4292 897 4361; x_wconf 88' lang='lat' dir='ltr'>de</span> <span class='ocrx_word' id='word_1_208' title='bbox 919 4290 1039 4364; x_wconf 86' lang='lat' dir='ltr'>Solino</span> <span class='ocrx_word' id='word_1_209' title='bbox 1066 4290 1189 4361; x_wconf 88' lang='lat' dir='ltr'>Isidori</span> <span class='ocrx_word' id='word_1_210' title='bbox 1212 4290 1305 4361; x_wconf 86' lang='lat' dir='ltr'>fonte</span> <span class='ocrx_word' id='word_1_211' title='bbox 1330 4290 1470 4382; x_wconf 87' lang='lat' dir='ltr'>indaga-</span> 
     </span>
    </p>

    <p class='ocr_par' dir='ltr' id='par_1_7' title="bbox 309 4412 1472 4488">
     <span class='ocr_line' id='line_1_27' title="bbox 309 4412 1472 4488; baseline 0 -7"><span class='ocrx_word' id='word_1_212' title='bbox 309 4412 401 4484; x_wconf 90' lang='lat' dir='ltr'>tione</span> <span class='ocrx_word' id='word_1_213' title='bbox 424 4414 638 4486; x_wconf 90' lang='lat' dir='ltr'>habebamus</span> <span class='ocrx_word' id='word_1_214' title='bbox 663 4415 939 4486; x_wconf 86' lang='lat' dir='ltr'>iundamentum.</span> <span class='ocrx_word' id='word_1_215' title='bbox 963 4416 1084 4488; x_wconf 87' lang='lat' dir='ltr'>Denuo</span> <span class='ocrx_word' id='word_1_216' title='bbox 1103 4431 1216 4486; x_wconf 91' lang='lat' dir='ltr'>tamen</span> <span class='ocrx_word' id='word_1_217' title='bbox 1236 4413 1353 4484; x_wconf 89' lang='lat' dir='ltr'>omnia</span> <span class='ocrx_word' id='word_1_218' title='bbox 1376 4435 1472 4483; x_wconf 92' lang='lat' dir='ltr'>reco-</span> 
     </span>
    </p>
   </div>
   <div class='ocr_carea' id='block_1_6' title="bbox 0 0 1726 5132">
    <p class='ocr_par' dir='ltr' id='par_1_8' title="bbox 0 0 1726 5132">
     <span class='ocr_line' id='line_1_28' title="bbox 0 0 1726 5132; baseline 0 1"><span class='ocrx_word' id='word_1_219' title='bbox 0 0 1726 5132; x_wconf 95' lang='lat' dir='ltr'> </span> 
     </span>
    </p>
   </div>
  </div>
 </body>
</html>
