3444 5132
402 1118 446 1175 DE
471 1119 611 1176 VETERE
629 1111 774 1176 vltauvt‘
791 1115 1005 1175 ΟΟΜΡΕΝΒΙΟ
1023 1115 1126 1176 QUOD
1150 1115 1380 1176 tuscntottun

451 1287 453 1295 ⁴
481 1299 495 1327 <¹
514 1284 557 1339 DE
579 1283 741 1341 DlVEHSlS
760 1285 922 1342 ΡΑΒΗΙΟΙΕ
940 1283 1271 1352 ΑΗΟΗΙΤΕΟῘΟΝΙΟΑΕ
1289 1297 1308 1326 ’-

230 1733 232 1742 ,
331 1681 489 1766 'Vitruvi
512 1695 562 1764 de
584 1695 807 1766 architectura
840 1697 1009 1768 librorum
1041 1700 1180 1767 selectas
1210 1696 1394 1790 particulas
1424 1699 1477 1767 vir

312 1817 454 1908 quidam
472 1818 516 1887 ad
535 1841 637 1888 usum
656 1819 839 1908 privatum,
860 1829 896 1890 'ut
914 1822 988 1912 ipse
1001 1821 1119 1892 asserit
1133 1823 1168 1891 in
1183 1821 1285 1891 libelli
1300 1821 1477 1914 prooemio

311 1926 416 2011 XXX'
430 1941 598 2034 capitibus
624 1943 778 2035 dispositi
799 1967 900 2035 quem
929 1973 945 2009 α
970 1948 1012 2017 de
1037 1945 1178 2015 diversis
1199 1944 1338 2014 fabricis
1360 1945 1475 2015 archi·
1499 1973 1510 1994 =

209 2074 211 2082 '
312 2064 493 2136 tectonicae
504 2096 519 2131 n
532 2066 712 2159 inscripsit,
725 2068 761 2138 in
776 2069 947 2161 epitomen
961 2072 1099 2162 redegit,
1115 2068 1276 2140 adhibitis
1290 2087 1323 2139 et
1331 2053 1478 2140 aliorum

171 2275 185 2284 ι,
313 2189 371 2279 qui
393 2191 434 2260 de
457 2191 814 2266 architectonica'arte
836 2210 976 2286 egerunt
1004 2194 1122 2284 libris,
1154 2215 1303 2285 quorum
1338 2194 1478 2285 quidem

197 2354 200 2358 -
274 2297 276 2304 ¹
314 2313 455 2384 nomina
470 2315 595 2385 reticet.
609 2317 875 2388 Paucaomnino
889 2317 1047 2389 videntur
1061 2341 1190 2389 esse-
1203 2341 1315 2409 neque
1328 2319 1478 2388 multum

311 2435 462 2527 quaesivi
484 2462 638 2530 -quae
660 2462 699 2508 ex
718 2439 792 2509 aliis
815 2441 1010 2511 auctoribus
1035 2441 1193 2534 inspersit
1214 2439 1438 2529 Vitruvianis,
1460 2460 1478 2507 e

298 2561 469 2632 *Palladio
487 2579 602 2634 tamen
627 2567 762 2658 saepius
782 2589 861 2636 eum
884 2567 1039 2637 hausisse
1062 2583 1177 2655 aperte
1199 2583 1302 2658 patet.

344 2688 443 2775 ·Qua
468 2705 576 2758 aetate
599 2689 753 2759 floruerit
771 2705 889 2759 auctor
912 2689 1015 2758 libelli
1033 2711 1159 2781 parum
1182 2705 1333 2773 constat,
1359 2686 1475 2755 «satis

312 2809 531 2900 antiquum»
559 2833 640 2881 eum
665 2813 821 2882 nominat
847 2811 1048 2882 Valentinus
1080 2813 1172 2881 Rose
1203 2808 1338 2879 Vitruvi
1370 2808 1479 2879 editor
1536 2793 1537 2796 ¹

313 2931 518 3003 novissimus
538 2936 658 3026 (praef.
681 2958 717 3026 p.
739 2935 837 3023 XII),
862 2935 919 3004 alii
952 2935 1049 3005 aliter
1081 2953 1270 3006 senserunt.
1307 2917 1478 3002 Marinius

311 3055 354 3124 ad
377 3079 497 3126 verum
520 3057 662 3149 propius
686 3081 792 3150 quam
815 3047 935 3150 reliqtii
954 3058 1133 3129 accessisse
1156 3058 1302 3148 videtur,
1323 3056 1476 3148 quicum
1546 3077 1551 3088 ·

273 3173 278 3182 '
312 3180 469 3251 omnium
488 3180 743 3274 diligentissime
760 3182 941 3284 illustraret
959 3205 1173 3276 anonymum
1192 3183 1226 3252 in
1240 3181 1419 3274 prooemio
1433 3181 1477 3250 ad

312 3321 408 3376 vetus
431 3308 692 3397 compendium,
713 3311 806 3400 quod
830 3309 934 3380 edidit
949 3308 1123 3378 volumine
1136 3306 1233 3378 tertio
1253 3328 1399 3398 operum
1411 3303 1475 3373 Vi-

219 3431 221 3436 ’
312 3430 402 3499 truvi
426 3433 576 3520 (Romae
599 3432 716 3521 1836),
733 3432 798 3503 sub
808 3433 911 3503 finem
926 3435 1038 3524 quarti
1057 3431 1181 3502 saeculi
1195 3448 1370 3501 auctorem
1387 3429 1475 3521 (Eu-

310 3554 497 3648 tropium?)
522 3555 694 3648 epitomen
719 3558 762 3626 de
785 3580 855 3649 qua
877 3541 987 3650 agitur
1010 3557 1195 3628 confecisse
1218 3552 1430 3625 existimavit.

355 3677 535 3769 Indaganti
553 3678 638 3748 mihi
658 3679 769 3749 fontes
794 3679 918 3750 Isidori
937 3703 1018 3750 cum
1041 3683 1133 3750 hunc
1158 3700 1298 3770 quoque
1320 3676 1475 3746 libellum

311 3803 502 3874 evolverem
525 3801 613 3873 mira
636 3805 807 3893 quaedam
839 3827 919 3874 cum
953 3804 1087 3874 Isidoro
1111 3803 1190 3873 hinc
1212 3802 1291 3878 inde
1310 3823 1383 3872 sese
1413 3799 1476 3870 ob·
1590 3893 1593 3900 Ι

243 3982 245 3987 .
310 3926 387 3995 tulit
412 3948 528 3998 rerum
550 3943 583 3996 et
615 3927 799 4000 verborum
832 3926 977 3998 affinitas
1005 3930 1078 4017 (r),
1113 3919 1274 4018 tantaque
1303 3926 1337 3996 in
1370 3923 1478 4018 capite

260 4123 263 4130 ,
316 4118 467 4131 *u—

348 4238 385 4311 (t)
407 4236 551 4296 Matinius
569 4238 689 4313 quidem
708 4237 762 4295 etsi
783 4237 859 4295 inter
878 4254 1060 4313 anonymum
1079 4249 1108 4294 et
1128 4235 1277 4294 Isidorum
1304 4252 1365 4292 non
1391 4233 1479 4308 igno·
1532 4297 1537 4301 ,

313 4329 393 4384 rabat
412 4344 473 4384 esse
491 4327 720 4385 similitudinem
739 4337 768 4404 et
786 4325 1000 4400 compendium
1021 4327 1115 4382 multo
1134 4336 1201 4382 ante
1226 4321 1375 4382 Isidorum
1394 4321 1478 4380 exsti·
1557 4401 1561 4412 .

312 4413 380 4484 risse
398 4414 634 4501 censuit„nihil
662 4427 761 4474 tamen
785 4414 914 4490 protulit
942 4414 977 4472 de
1003 4413 1107 4472 libello
1135 4413 1292 4488 Originum
1318 4411 1417 4479 tonte,
1447 4411 1480 4472 in

458 4715 477 4772 θ
529 4714 531 4718 ,
