3444 5132
786 335 822 348 ..
835 307 873 366 ᾖ
886 336 922 350 ..-

272 427 545 500 confirmandam
566 425 777 518 opinionem,
799 426 921 496 Isidori
937 426 980 496 de
995 426 1190 496 Fortunatis
1203 425 1324 498 insulis
1341 426 1432 520 frag-

275 570 428 624 mentum
451 551 522 622 iere
542 567 654 622 totum
667 573 708 620 ex
724 549 886 623 Sallustio
904 551 1065 643 pendere,
1084 548 1219 620 etiamsi
1242 571 1313 620 non
1326 551 1433 620 habe-

274 699 389 747 remus
411 675 584 746 Plutarchi
603 675 719 744 locum
743 697 762 743 e
789 673 953 747 Sallustio
973 695 1185 766 expressum,
1219 673 1279 765 qui
1308 673 1436 766 optime

274 802 341 870 huc
362 797 454 868 facit.
476 797 518 868 ln
536 796 605 866 vita
627 796 720 867 enim
742 796 871 870 Sertori
889 819 965 890 cap.
983 796 1005 866 8
1025 797 1109 866 haec
1127 795 1267 866 tradidit
1284 798 1327 866 de
1347 798 1433 868 For-

274 921 400 994 tunatis
422 919 561 992 insulis:
583 922 624 989 ori
647 922 750 1005 μόνον
773 921 875 1003 ἀροῦν
896 923 949 988 καὶ
969 921 1122 1003 φυτεύειν
1137 921 1337 1004 παρέχουσιν
1358 921 1436 1000 ἀγα·

275 1047 337 1126 θὴν
357 1047 410 1112 καὶ
429 1045 527 1112 πίονα
547 1043 669 1124 χώραν,
693 1041 775 1110 atta
795 1041 847 1107 καὶ
874 1041 998 1121 καρπὸν
1024 1043 1173 1134 αὐιοφυῆ
1200 1041 1362 1122 φέρουσιν
1363 1089 1435 1108 .......

274 1169 362 1235 ὥστε
382 1166 473 1247 μέχρι
492 1168 560 1230 τῶν
592 1161 763 1246 βαρβάρων
783 1159 917 1243 ’διῖχθαι
945 1161 1053 1228 πίστιν
1083 1159 1229 1242 ἰσχυρὰν,
1255 1161 1369 1228 αὐτόθι
1397 1161 1436 1228 τὸ

274 1286 429 1354 Ἠλύσιον
450 1283 532 1353 εἶναι
549 1284 664 1350 πεδίον
678 1284 730 1350 καὶ
743 1282 803 1362 τὴν
815 1286 883 1350 τῶν
899 1281 1101 1363 εὐδαιμόνων
1115 1279 1253 1362 οἴκησιν,
1275 1281 1317 1360 ἣν
1336 1280 1436 1362 Ὅμη-

276 1425 335 1485 ρος
356 1403 490 1485 ὕμνησε.
516 1399 761 1490 Quibuscum
785 1400 921 1492 duobus
943 1398 1037 1470 Noni
1056 1414 1089 1467 et
1116 1397 1212 1474 Servi
1237 1397 1436 1490 fragmentis

60 1536 65 1544 ’
179 1583 188 1602 ,
275 1545 422 1614 tumque
445 1523 639 1594 narratione
657 1523 692 1594 in
711 1523 910 1616 Originibus
929 1521 1029 1591 nobis
1043 1537 1213 1591 asservata
1232 1522 1436 1614 comparatis

276 1647 420 1718 dubium
442 1671 516 1717 esse
539 1671 608 1719 non
631 1662 755 1740 potest,
781 1645 866 1738 quin
884 1668 921 1715 re
942 1666 1022 1714 vera
1053 1645 1098 1714 ad
1125 1645 1325 1718 Sallustium
1348 1645 1435 1714 refe·

275 1770 381 1840 renda
403 1771 471 1841 sint
488 1771 592 1842 verba
616 1767 760 1862 Isidori3
783 1768 840 1839 illa
859 1790 996 1860 quoque
1021 1790 1109 1859 quae
1133 1769 1177 1838 ab
1204 1768 1280 1860 ipso
1303 1768 1436 1838 lsidoro

277 1895 473 1990 interposita
498 1893 700 1965 videbantur
723 1917 793 1965 non
817 1893 938 1990 iisdem
961 1891 1099 1984 quidem
1124 1892 1248 1983 verbis,
1272 1909 1307 1962 at
1334 1892 1436 1962 simili

216 2041 220 2050 ·
278 2021 383 2090 modo
405 2019 497 2110 apud
520 2018 721 2091 Sallustium
743 2017 848 2087 fuisse
870 2015 1104 2088 existimarim.

322 2141 413 2212 Fieri
435 2165 505 2212 non
523 2158 634 2235 potest
662 2141 746 2234 quin
764 2161 1057 2226 'commemorem
1077 2139 1170 2232 apud
1189 2141 1436 2212 Mamertinum

278 2264 490 2356 (Gratiarum
503 2263 590 2334 actio
610 2265 745 2336 luliano
762 2287 839 2357 aug.
861 2287 936 2359 cap.
954 2265 1012 2354 23)
1028 2265 1111 2334 haec
1125 2264 1206 2356 legi:
1232 2261 1438 2335 «Habitari

276 2388 319 2460 ab
338 2389 445 2460 iustis
469 2387 560 2459 viris
573 2400 696 2492 terras·
706 2390 743 2458 in
760 2388 893 2458 Oceano
895 2388 1039 2484 serunt,
1056 2409 1142 2482 quas
1155 2386 1436 2458 Fortunatarum

278 2511 411 2582 insulas
433 2523 567 2592 vocant,
589 2513 683 2604 quod
699 2534 765 2608 per
788 2532 844 2582 eas
862 2535 928 2582 non
948 2523 1052 2586 arato
1073 2511 1344 2607 tolofrumenta
1359 2533 1435 2590 aas·

278 2621 426 2714 cuntur:
431 2633 610 2728 fortuitis
637 2633 769 2708 vitibus
798 2633 883 2728 iuga
909 2632 1051 2704 collium
1076 2633 1286 2713 vestiuntur,
1319 2643 1435 2728 sponte

273 2757 388 2856 pomis
406 2759 516 2830 arbor
525 2770 717 2853 gravaturlt
734 2761 781 2831 ad
795 2759 980 2830 herbarum
999 2758 1103 2829 vicem
1119 2757 1196 2830 olus
1209 2757 1315 2852 vulgo
1336 2771 1388 2829 est
1403 2789 1434 2827 ι.

279 2885 369 2956 Mira
393 2881 533 2976 quidem
551 2907 590 2954 ea
608 2904 689 2953 cum
713 2882 911 2954 isidorianis
934 2882 1143 2969 similitud03
1180 2905 1289 2974 neque
1322 2863 1436 2953 tamen

277 3032 296 3080 e
319 3006 527 3079 Mamertino
548 2999 686 3076 'fluxisse
702 3005 834 3078 videtur
856 3005 1039 3100 Originum
1062 3005 1155 3077 locus
1177 3003 1297 3106 iisdem
1326 3005 1437 3076 verbis

269 3152 454 3226 ,expressus
478 3132 513 3218 (a
531 3128 714 3200 Fortuitis
736 3127 867 3199 vitibus
881 3129 967 3222 iuga
990 3128 1132 3198 collium
1154 3108 1364 3200 vestiuntur.
1380 3129 1438 3199 Ad

278 3254 463 3326 herbarum
486 3252 592 3324 vicem
616 3251 735 3325 messis
750 3264 783 3323 et
802 3251 879 3322 olus
896 3252 1002 3345 vulgo
1020 3265 1072 3323 est
1082 3254 1129 3342 ιι),
1144 3274 1224 3322 cum
1239 3249 1321 3322 nihil
1337 3275 1435 3352 prae-

277 3394 371 3468 terea,
388 3379 482 3480 apud
504 3397 585 3448 eum
605 3375 795 3468 inveniatur
818 3377 910 3468 quod
927 3392 985 3466 aut
1000 3375 1101 3446 simili
1119 3391 1179 3445 aut
1198 3375 1319 3446 eodem
1332 3376 1438 3445 modo

279 3503 323 3572 ab
347 3499 480 3600 Isidoro
503 3499 666 3597 traditum
689 3501 742 3570 sit.
770 3499 970 3592 Panegyrici
991 3500 1091 3594 igitur
1117 3473 1240 3568 ¹auctor
1271 3499 1299 3568 si
1331 3522 1399 3570 non
1419 3524 1437 3568 e

278 3623 439 3698 Sallustio
461 3622 672 3715 deprompsit
685 3623 742 3693 illa
764 3622 878 3710 verba,
904 3647 982 3692 eum
1002 3623 1143 3693 fortasse
1165 3623 1353 3715 exscripsit,
1379 3625 1436 3714 qui

278 3743 478 3820 Sallustium
496 3745 664 3816 adhibuit.

323 3869 500 3948 Postrema
523 3871 669 3961 denique
687 3871 790 3944 huius
812 3855 1016 3964 paragraphi
1034 3871 1138 3941 verba
1157 3873 1172 3934 ὐ
1192 3869 1290 3940 Silae
1303 3881 1385 3941 sunt
1401 3870 1437 3938 in

279 3997 413 4065 Oceano
430 4008 553 4066 contra
577 3995 706 4066 tanam
728 3995 991 4085 Mauretaniae,
1021 3997 1165 4068 occiduo
1193 3995 1378 4088 proximae
1404 4005 1437 4067 et

280 4117 374 4186 inter
395 4139 430 4187 se
454 4117 636 4187 interiecto
669 4119 763 4188 mari
789 4118 1000 4189 discretae»
1025 4139 1105 4189 cum
1134 4117 1317 4190 Solinianis
1348 4119 1435 4208 (56,

285 4245 340 4331 14)
358 4239 407 4330 (1)
432 4241 500 4313 lere
523 4242 751 4336 respondeant
768 4268 787 4314 e
805 4240 924 4332 Solino
948 4243 1051 4338 petita
1069 4240 1237 4315 videntur.
1379 4240 1383 4250 ‘

279 4437 430 4448 *ιιι-..-

317 4503 354 4575 (r)
376 4505 579 4564 «Fortunatas
595 4505 702 4565 insulas
717 4516 793 4564 certe
806 4515 905 4564 contra
924 4506 1036 4564 loevam
1056 4505 1260 4563 Mauretaniae
1276 4505 1440 4581 accepimus
1525 4534 1536 4543 -
