3444 5132
786 273 819 286 ..
836 243 872 301 42
887 273 922 286 -

317 367 429 437 uuuo
448 365 548 458 igitur
563 309 718 435 nnius
732 364 850 436 tribuit
873 364 966 455 quon
986 364 1028 434 ue
1049 363 1229 434 echeneide
1247 364 1349 436 tradit
1363 367 1436 437 pn-

272 489 362 578 nius‚
388 505 420 558 et
438 490 532 580 quod
546 487 574 557 is
594 488 636 558 de
660 490 774 580 lepore
798 487 934 557 marino
955 503 1084 574 narrat,
1108 490 1152 559 ad
1173 490 1319 560 mullum
1338 491 1439 561 refert

273 611 488 704 Hispalensis
506 612 661 682 antistes:
688 611 728 680 iis
751 609 906 682 videlicet
925 632 1013 702 quae
1036 611 1129 703 apud
1150 611 1301 682 Plinium
1324 614 1366 682 de
1385 613 1435 682 le-

271 759 354 828 pore
376 738 510 807 marino
533 738 689 832 leguntur
707 757 817 828 pauca
835 735 1007 805 interiectu
1030 751 1110 806 sunt
1133 735 1175 804 de
1199 736 1305 806 mullo
1331 737 1433 830 pisce,

270 878 303 931 et
326 861 418 952 quod
438 861 570 931 Plinius
589 860 762 931 echeneidi
788 860 948 930 adscribit
967 859 1080 929 statim
1109 860 1261 950 sequitur
1290 883 1437 952 eaquae

272 983 361 1057 dicta
380 1000 459 1055 sunt
476 983 519 1053 de
543 984 667 1053 rnullo:
692 983 737 1052 ita
757 1005 796 1052 ex
821 982 933 1054 Plinio
956 983 1147 1074 episcopale
1175 983 1228 1052 ius
1256 985 1298 1054 de
1329 985 1436 1054 mullo

272 1109 444 1200 profluxit,
473 1108 573 1199 quale
591 1131 634 1178 ne
659 1108 785 1200 Apicio
808 1108 948 1199 quidem
970 1129 1176 1200 componere
1200 1107 1349 1200 contigit.

318 1232 398 1301 Huc
421 1254 559 1322 quoque
582 1247 708 1334 spectat
728 1232 824 1302 locus
844 1231 967 1302 Isidori
996 1254 1049 1319 12,
1071 1233 1105 1320 6,
1131 1231 1174 1300 36
1194 1234 1244 1322 (ι)
1278 1231 1336 1301 ubi
1369 1234 1433 1302 rni-

272 1355 374 1448 lagini
397 1355 482 1448 pisci
505 1379 545 1425 ea
567 1356 777 1445 tribuuntur,
799 1378 886 1446 quae
905 1356 947 1426 de
963 1355 1111 1448 lolligine
1128 1355 1259 1427 Plinius
1273 1356 1436 1448 scripturn

274 1478 409 1570 reliquit
431 1479 504 1568 (32,
534 1482 589 1568 15)
614 1481 678 1567 (2).

320 1601 513 1692 Quomodo
523 1661 527 1666 .
536 1603 683 1694 deanue
697 1602 850 1673 Plinium
874 1601 967 1672 haud
983 1624 1062 1672 raro
1076 1602 1269 1675 adhibuerit
1283 1603 1437 1674 Isidorus

200 1770 203 1784 2
273 1749 318 1826 eu.
335 1726 389 1795 his
412 1725 630 1818 potissimum
656 1727 818 1819 exemplis
842 1726 1034 1819 colligatur:

318 1850 414 1942 Orig.
447 1873 500 1937 12,
523 1851 558 1939 6,
583 1853 628 1940 45
654 1875 672 1920 e
696 1851 787 1922 Plin.
818 1853 875 1938 32,
902 1876 941 1944 73

318 1974 415 2066 Orig.
447 1976 500 2064 1¹6,
529 1997 586 2064 20,
608 1978 721 2068 ⁴5-7ve
745 1976 835 2047 Plin.
854 1977 911 2065 34,
928 1998 975 2068 94
992 1977 1099 2068 (quod
1125 1975 1258 2047 Plinius
1278 1978 1319 2047 de
1336 1999 1435 2048 coro-

274 2098 371 2169 nario
394 2120 470 2168 aere
495 2098 608 2187 tradit,
629 2122 763 2191 pyropo
787 2100 940 2170 Isidorus
965 2099 1146 2188 adscribit,
1172 2116 1206 2170 at
1224 2101 1366 2170 fortasse
1385 2101 1436 2189 §6

275 2221 407 2293 medela
425 2224 523 2313 eget),

275 2413 426 2422 -a-u—-n—

311 2532 349 2604 (r)
377 2558 390 2584 u
413 2513 532 2610 Milago
550 2533 713 2590 nominatus
741 2534 808 2610 quia
834 2535 926 2594 evolat
947 2551 1036 2610 super
1060 2553 1175 2612 aquam.
1197 2536 1317 2606 Quoties
1341 2547 1438 2594 autem

274 2623 404 2680 cernitur
421 2633 508 2680 extra
526 2642 632 2698 aquarn
651 2623 787 2696 volitans,
805 2634 987 2701 tempestales
1006 2625 1115 2682 murari
1133 2625 1309 2702 designat».

310 2713 348 2784 (2)
379 2735 392 2762 u
420 2712 538 2788 Lolligo
560 2713 690 2788 quotiens
713 2724 849 2770 cernatur
867 2724 953 2771 extra
976 2732 1083 2789 aquam
1106 2715 1229 2774 volitans
1257 2725 1439 2790 tempestates

275 2799 385 2858 murari
404 2800 526 2871 Trebius
538 2801 641 2876 Niger
655 2811 757 2859 auctor
770 2811 847 2858 est».
