3444 5132
779 313 813 324 ..
830 286 865 340 04
881 315 915 326 ...

266 409 358 480 tinet
375 407 622 478 intestinorum
647 404 814 474 nruiorem
827 405 1001 495 purtem';
1040 407 1133 495 quod
1161 407 1306 478 refertur
1337 411 1430 502 apud

265 533 347 601 Isid.
368 531 419 601 XI
445 555 474 619 1,
502 529 566 598 130
586 527 645 598 ubi
665 529 747 596 haec
765 543 861 595 sunt:
883 527 1093 596 ‘Omentum
1113 551 1157 596 m.
1175 553 1208 619 q.
1226 553 1255 598 c.
1270 531 1295 598 i.
1318 553 1362 600 m.
1375 555 1428 624 μ,

264 657 357 744 quod
375 654 532 722 ἐπίπλουν
548 651 680 720 Graeci
694 650 848 720 uocunt'.
872 651 1074 741 Disceptum
1109 652 1316 724 intestinum'
1340 658 1433 746 quod
1513 747 1517 754 Ι

263 776 436 848 discernit
463 785 617 844 uentrem
640 784 676 842 et
701 783 814 844 cetere
848 773 1014 844 intestina
1048 796 1069 842 α
1091 775 1316 866 pulmonibus
1348 790 1382 846 et
1410 801 1431 848 a

221 925 223 932 ’
264 903 368 970 corde
386 900 410 968 '.
439 898 583 986 Quibus
606 919 625 964 e
643 895 758 964 uerbis
781 912 967 984 quaesunt
992 897 1114 986 ‘quod
1128 901 1284 993 ἐπίπλουν
1304 899 1433 968 Graeci

265 1025 415 1094 uocant’
438 1023 580 1091 fortasse
613 1021 650 1089 in
683 1019 819 1090 scholiis
852 1019 935 1109 ipsis
974 1020 1100 1109 quibus
1132 1021 1285 1090 Isidorus
1317 1023 1431 1114 priora

264 1149 363 1217 debet
388 1147 526 1215 fuerunt
544 1144 603 1212 sed
633 1143 667 1210 in
692 1143 997 1234 Montepessulano
1022 1146 1219 1234 exemplari,
1244 1147 1280 1214 itt
1302 1147 1429 1236 saepis-

263 1269 348 1338 sime
373 1269 408 1336 in
441 1266 579 1337 Graecis
610 1264 788 1336 uocabulis
818 1264 902 1334 alias
935 1265 1093 1334 librarios
1124 1265 1242 1336 fecisse
1276 1286 1427 1358 constat,

239 1381 241 1386 ’
263 1389 391 1458 omissa
419 1404 510 1456 sunt.
541 1385 687 1476 Reliqua
710 1407 793 1454 uero
810 1384 1070 1454 Lindemaunus
1095 1388 1135 1471 [l]
1154 1390 1243 1457 male
1266 1410 1344 1458 cum
1367 1413 1429 1458 an-

262 1509 493 1580 tecedentibus
525 1507 644 1576 iunxit.
677 1508 824 1574 Prorsus
853 1504 1060 1596 seiungenda
1099 1523 1191 1575 sunt.
1225 1510 1306 1578 Non
1340 1511 1431 1580 enim

263 1637 404 1707 alteram
421 1632 597 1722 quandam
624 1629 754 1700 omenti
778 1630 837 1698 sed
863 1628 950 1698 alius
974 1629 1212 1698 intestinorum
1242 1633 1349 1722 partis
1372 1657 1429 1703 ex-

262 1758 479 1849 plicationem
518 1755 702 1824 continent.
744 1753 911 1844 Deinceps
949 1753 1159 1844 explicantur
1187 1754 1234 1825 ibi
1253 1773 1431 1825 omentum

263 1881 452 1971 disseptum
486 1899 625 1946 caecum
658 1877 812 1946 ieiunum
847 1893 985 1964 uenter,
1029 1897 1179 1968 quorum
1208 1868 1285 1946 'duo
1315 1878 1430 1969 priora

261 2027 351 2072 nunc
370 2003 458 2074 male
480 2000 660 2070 coniuncta
692 2000 788 2088 quasi
812 1999 914 2086 unius
934 1999 1039 2086 partis
1063 1999 1318 2090 explicationem
1344 2023 1427 2070 con-

260 2125 389 2196 tineant
408 2126 575 2215 leguntur.
598 2123 718 2214 Itaque
739 2123 965 2192 restituendus
992 2122 1127 2191 Isidoro
1150 2138 1200 2192 est
1228 2123 1282 2192 hic
1315 2146 1429 2194 rerum

262 2247 426 2322 ord03XI
449 2269 477 2334 1,
506 2245 569 2313 130
585 2243 780 2312 Omenttrm.
794 2244 1027 2312 membranum
1047 2261 1108 2314 etc.
1138 2245 1196 2314 131
1212 2233 1427 2336 Dissepiumi

262 2367 465 2437 intestinum
485 2382 547 2435 etc.
575 2365 637 2434 132
665 2365 810 2432 Caecum
835 2363 1038 2433 intestinum
1058 2381 1120 2433 etc.
1161 2366 1222 2434 133
1253 2367 1423 2446 Ieiunium.

261 2502 358 2559 tenue
377 2488 581 2558 intestinum
605 2503 666 2555 etc.
695 2487 760 2574 ¹34
789 2485 915 2556 Venter
939 2503 1001 2556 etc.
1026 2527 1070 2536 -
1095 2491 1212 2577 Atque
1241 2511 1321 2556 cunt
1346 2491 1428 2582 ipsis

261 2613 301 2682 iis
320 2612 472 2698 scholiis,
492 2634 580 2700 quae
601 2609 788 2682 maximam
806 2628 938 2702 partem
957 2628 1091 2680 tanturn
1102 2633 1289 2702 congruere
1297 2632 1330 2683 et
1344 2635 1427 2682 con-

261 2735 384 2804 sentire
402 2735 505 2826 supra
528 2733 607 2822 dixi,
627 2756 740 2824 quam
764 2750 837 2805 arta
862 2733 1046 2804 intercedat
1082 2733 1205 2803 Isidori
1228 2735 1428 2827 Originibus

260 2857 482 2940 necessitud0,
504 2857 584 2927 satis
607 2872 828 2948 cognoscetur
851 2880 922 2925 uno
948 2859 1103 2949 exemplo
1134 2858 1303 2948 adposito,
1338 2861 1426 2950 Ety-

260 2981 407 3072 mologia
431 2982 524 3049 uocis
551 2985 560 3019 ‘
581 2982 645 3049 hae
657 2979 837 3049 tenebree'
857 3001 877 3046 a
897 2979 1077 3053 scholiasta
1095 2982 1227 3071 prolata
1251 2981 1296 3048 ad
1321 2982 1335 3049 I
1358 2982 1428 3050 228

260 3109 270 3142 ‘
296 3095 468 3196 Tenebrae
489 3125 510 3170 o
535 3103 677 3170 tenendo
696 3124 734 3170 eo
757 3102 850 3192 quod
864 3111 979 3170 tenent
1004 3101 1187 3170 umbrum⁷
1213 3102 1427 3172 bisoccurrit

258 3226 356 3313 apud·
374 3225 546 3296 Isidorum
562 3223 686 3294 scilicet
707 3225 739 3292 V
760 3224 817 3316 31¹,
842 3226 860 3291 5
882 3225 932 3315 [6]
955 3226 964 3264 ‘
991 3223 1163 3293 Tenebrae
1176 3234 1291 3292 aulem
1310 3225 1425 3295 dictae

165 3341 167 3344 ’
256 3347 350 3440 quod
369 3359 503 3418 teneant
528 3347 688 3418 umbrns'
709 3364 742 3416 et
759 3347 849 3421 XIII
876 3371 927 3434 to,
955 3371 994 3417 12
1022 3361 1033 3387 ‘
1055 3349 1227 3437 Tenebrae
1257 3351 1427 3420 dicuntur

227 3459 231 3466 ⁸
258 3471 351 3560 quod
375 3479 509 3538 teneant
531 3468 683 3538 umbros,
704 3468 811 3540 Nihil
829 3487 944 3538 nutem
968 3481 1050 3540 sunt
1068 3470 1249 3550 tenebrae,
1272 3473 1332 3540 sed
1351 3471 1426 3564 ipsu

257 3591 347 3663 lucis
365 3592 520 3684 absentie
538 3591 694 3660 tenebrae
711 3593 882 3663 dicuntur
900 3594 993 3662 sicut
1015 3593 1195 3666 silentium
1220 3617 1288 3664 non
1307 3595 1425 3686 ulique

260 3737 316 3784 res
329 3725 380 3783 est
398 3717 458 3783 sed
477 3714 536 3782 ulti
553 3737 658 3784 sonus
678 3738 744 3786 uon
764 3727 815 3789 est
828 3716 1008 3786 silentium
1022 3717 1177 3788 dicitur:
1197 3718 1250 3786 sic
1271 3718 1426 3786 tenebrae

257 3861 325 3908 non
341 3839 480 3929 aliquid
501 3839 661 3908 suntsed
680 3839 738 3932 ulti
761 3840 824 3929 lux
850 3862 917 3908 non
945 3849 995 3908 est
1029 3839 1185 3908 tenebrae
1208 3840 1379 3909 dicuntur
1402 3841 1422 3908 '.

258 3961 360 4034 Unde
379 3983 465 4050 quae
488 3961 521 4028 in
538 3962 595 4034 whis
617 3961 659 4030 de
677 3961 895 4032 tenebrarum
922 3979 1044 4032 natura
1070 3962 1235 4032 docentur
1270 3961 1426 4053 petiuerit

258 4083 410 4160 Isidorus
433 4084 594 4173 equidem
617 4083 731 4155 nescio
764 4088 797 4172 [n
818 4085 913 4156 Nihil
934 4103 1049 4154 autem
1082 4102 1162 4154 sunt
1193 4085 1352 4156 tenebrae
1382 4123 1426 4136 -u

256 4208 426 4276 dicuntur.
451 4207 565 4276 Verba
585 4207 769 4300 Augustin.
806 4208 841 4278 in
865 4209 880 4278 I
911 4209 954 4278 de
982 4231 1095 4300 genes,
1129 4225 1239 4278 contr.
1269 4207 1423 4282 Manich.

255 4352 286 4400 c.
307 4352 331 4418 4
349 4331 379 4422 [ξ
399 4353 419 4420 7
447 4332 514 4400 vol.
542 4332 556 4399 I
577 4354 612 4422 p..
642 4332 718 4419 6482
731 4332 775 4418 C]
796 4362 811 4397 x
837 4333 1029 4428 'onrxuush
1068 4355 1087 4400 e
1110 4331 1248 4400 scholiis
1284 4331 1331 4400 in
1350 4333 1425 4398 Lu-
