<?xml version="1.0" encoding="UTF-8"?>
<!DOCTYPE html PUBLIC "-//W3C//DTD XHTML 1.0 Transitional//EN"
    "http://www.w3.org/TR/xhtml1/DTD/xhtml1-transitional.dtd">
<html xmlns="http://www.w3.org/1999/xhtml" xml:lang="en" lang="en">
 <head>
  <title>
</title>
<meta http-equiv="Content-Type" content="text/html;charset=utf-8" />
  <meta name='ocr-system' content='tesseract 3.04.00' />
  <meta name='ocr-capabilities' content='ocr_page ocr_carea ocr_par ocr_line ocrx_word'/>
</head>
<body>
  <div class='ocr_page' id='page_1' title='image "./deisidoriorigin00dresgoog_0032.png"; bbox 0 0 3444 5132; ppageno 0'>
   <div class='ocr_carea' id='block_1_1' title="bbox 287 391 1569 2334">
    <p class='ocr_par' dir='ltr' id='par_1_1' title="bbox 817 391 1392 455">
     <span class='ocr_line' id='line_1_1' title="bbox 817 391 1392 455; baseline 0 -9"><span class='ocrx_word' id='word_1_1' title='bbox 817 421 850 430; x_wconf 89' lang='lat'>-</span> <span class='ocrx_word' id='word_1_2' title='bbox 868 391 900 448; x_wconf 80' lang='lat' dir='ltr'>at</span> <span class='ocrx_word' id='word_1_3' title='bbox 919 419 953 434; x_wconf 84' lang='lat'><em>-</em></span> <span class='ocrx_word' id='word_1_4' title='bbox 1390 447 1392 455; x_wconf 84' lang='lat'>.</span> 
     </span>
    </p>

    <p class='ocr_par' dir='ltr' id='par_1_2' title="bbox 287 499 1569 2334">
     <span class='ocr_line' id='line_1_2' title="bbox 352 499 1552 612; baseline -0.005 -28"><span class='ocrx_word' id='word_1_5' title='bbox 352 516 456 604; x_wconf 84' lang='lat' dir='ltr'>Quae</span> <span class='ocrx_word' id='word_1_6' title='bbox 476 514 622 604; x_wconf 88' lang='lat' dir='ltr'>denique</span> <span class='ocrx_word' id='word_1_7' title='bbox 641 510 657 600; x_wconf 85' lang='lat'><strong>§</strong></span> <span class='ocrx_word' id='word_1_8' title='bbox 679 515 701 580; x_wconf 48' lang='grc' dir='ltr'>5Ἰ</span> <span class='ocrx_word' id='word_1_9' title='bbox 719 507 858 581; x_wconf 84' lang='lat' dir='ltr'>tradidit</span> <span class='ocrx_word' id='word_1_10' title='bbox 882 508 1052 578; x_wconf 82' lang='lat' dir='ltr'>Isidorus:</span> <span class='ocrx_word' id='word_1_11' title='bbox 1087 537 1101 572; x_wconf 76' lang='lat' dir='ltr'>l</span> <span class='ocrx_word' id='word_1_12' title='bbox 1137 508 1337 604; x_wconf 79' lang='lat' dir='ltr'>Charybdis</span> <span class='ocrx_word' id='word_1_13' title='bbox 1358 499 1467 607; x_wconf 61' lang='lat' dir='ltr'>dicta,</span> <span class='ocrx_word' id='word_1_14' title='bbox 1548 606 1552 612; x_wconf 86' lang='lat'><em>.</em></span> 
     </span>
     <span class='ocr_line' id='line_1_3' title="bbox 305 631 1470 731; baseline -0.009 -21"><span class='ocrx_word' id='word_1_15' title='bbox 305 640 398 731; x_wconf 81' lang='lat' dir='ltr'>quod</span> <span class='ocrx_word' id='word_1_16' title='bbox 421 635 636 731; x_wconf 76' lang='lat' dir='ltr'>&#39;gurgitibus</span> <span class='ocrx_word' id='word_1_17' title='bbox 660 634 807 706; x_wconf 87' lang='lat' dir='ltr'>occultis</span> <span class='ocrx_word' id='word_1_18' title='bbox 831 654 931 703; x_wconf 88' lang='lat' dir='ltr'>nares</span> <span class='ocrx_word' id='word_1_19' title='bbox 958 631 1150 702; x_wconf 87' lang='lat' dir='ltr'>absorbeat.</span> <span class='ocrx_word' id='word_1_20' title='bbox 1178 632 1252 718; x_wconf 78' lang='lat' dir='ltr'>Est¹</span> <span class='ocrx_word' id='word_1_21' title='bbox 1266 631 1355 702; x_wconf 88' lang='lat' dir='ltr'>mim</span> <span class='ocrx_word' id='word_1_22' title='bbox 1375 655 1470 702; x_wconf 88' lang='lat' dir='ltr'>mare</span> 
     </span>
     <span class='ocr_line' id='line_1_4' title="bbox 302 755 1469 852; baseline -0.007 -20"><span class='ocrx_word' id='word_1_23' title='bbox 302 762 523 839; x_wconf 78' lang='lat' dir='ltr'><em>verticosum,</em></span> <span class='ocrx_word' id='word_1_24' title='bbox 544 771 578 829; x_wconf 90' lang='lat' dir='ltr'>et</span> <span class='ocrx_word' id='word_1_25' title='bbox 602 759 680 829; x_wconf 85' lang='lat' dir='ltr'>inde</span> <span class='ocrx_word' id='word_1_26' title='bbox 702 757 755 826; x_wconf 87' lang='lat' dir='ltr'>ibi</span> <span class='ocrx_word' id='word_1_27' title='bbox 779 757 914 826; x_wconf 86' lang='lat' dir='ltr'>laniata</span> <span class='ocrx_word' id='word_1_28' title='bbox 949 755 1145 849; x_wconf 83' lang='lat' dir='ltr'>naufragia</span> <span class='ocrx_word' id='word_1_29' title='bbox 1158 756 1340 852; x_wconf 84' lang='lat' dir='ltr'>profundo</span> <span class='ocrx_word' id='word_1_30' title='bbox 1359 779 1469 826; x_wconf 79' lang='lat' dir='ltr'>emer·</span> 
     </span>
     <span class='ocr_line' id='line_1_5' title="bbox 297 867 1468 978; baseline -0.003 -24"><span class='ocrx_word' id='word_1_31' title='bbox 297 894 391 978; x_wconf 84' lang='lat' dir='ltr'>gunt</span> <span class='ocrx_word' id='word_1_32' title='bbox 411 915 425 948; x_wconf 78' lang='lat' dir='ltr'>l</span> <span class='ocrx_word' id='word_1_33' title='bbox 454 900 526 952; x_wconf 88' lang='lat' dir='ltr'>tam</span> <span class='ocrx_word' id='word_1_34' title='bbox 548 900 662 974; x_wconf 84' lang='lat' dir='ltr'>aperte</span> <span class='ocrx_word' id='word_1_35' title='bbox 686 904 725 950; x_wconf 88' lang='lat' dir='ltr'>ex</span> <span class='ocrx_word' id='word_1_36' title='bbox 743 879 906 952; x_wconf 84' lang='lat' dir='ltr'>Sallustio</span> <span class='ocrx_word' id='word_1_37' title='bbox 924 881 1026 972; x_wconf 84' lang='lat' dir='ltr'>petita</span> <span class='ocrx_word' id='word_1_38' title='bbox 1048 897 1140 964; x_wconf 90' lang='lat' dir='ltr'>sunt,</span> <span class='ocrx_word' id='word_1_39' title='bbox 1161 897 1199 948; x_wconf 88' lang='lat' dir='ltr'>ut</span> <span class='ocrx_word' id='word_1_40' title='bbox 1217 867 1289 972; x_wconf 87' lang='lat' dir='ltr'>ipse</span> <span class='ocrx_word' id='word_1_41' title='bbox 1316 877 1468 950; x_wconf 87' lang='lat' dir='ltr'>Kritzius</span> 
     </span>
     <span class='ocr_line' id='line_1_6' title="bbox 306 1003 1470 1100; baseline -0.007 -20"><span class='ocrx_word' id='word_1_42' title='bbox 306 1010 363 1100; x_wconf 84' lang='lat' dir='ltr'>(ad</span> <span class='ocrx_word' id='word_1_43' title='bbox 382 1009 503 1099; x_wconf 82' lang='lat' dir='ltr'><strong>fragm.</strong></span> <span class='ocrx_word' id='word_1_44' title='bbox 543 1007 585 1098; x_wconf 84' lang='lat'>37</span> <span class='ocrx_word' id='word_1_45' title='bbox 615 1005 672 1076; x_wconf 90' lang='lat' dir='ltr'>lib.</span> <span class='ocrx_word' id='word_1_46' title='bbox 701 1006 764 1094; x_wconf 90' lang='lat' dir='ltr'>lV)</span> <span class='ocrx_word' id='word_1_47' title='bbox 796 1004 830 1074; x_wconf 92' lang='lat' dir='ltr'>id</span> <span class='ocrx_word' id='word_1_48' title='bbox 862 1003 1033 1074; x_wconf 85' lang='lat' dir='ltr'>affirmare</span> <span class='ocrx_word' id='word_1_49' title='bbox 1055 1025 1125 1074; x_wconf 90' lang='lat' dir='ltr'>non</span> <span class='ocrx_word' id='word_1_50' title='bbox 1159 1003 1380 1093; x_wconf 89' lang='lat' dir='ltr'>dubitaverit,</span> <span class='ocrx_word' id='word_1_51' title='bbox 1409 1003 1470 1074; x_wconf 91' lang='lat' dir='ltr'>etsi</span> 
     </span>
     <span class='ocr_line' id='line_1_7' title="bbox 306 1119 1467 1220; baseline -0.006 -18"><span class='ocrx_word' id='word_1_52' title='bbox 306 1130 428 1202; x_wconf 83' lang='lat' dir='ltr'>Isidori</span> <span class='ocrx_word' id='word_1_53' title='bbox 451 1131 555 1200; x_wconf 89' lang='lat' dir='ltr'>verba</span> <span class='ocrx_word' id='word_1_54' title='bbox 574 1129 673 1216; x_wconf 27' lang='lat' dir='ltr'>inter,</span> <span class='ocrx_word' id='word_1_55' title='bbox 686 1129 876 1220; x_wconf 84' lang='lat' dir='ltr'>fragmenta</span> <span class='ocrx_word' id='word_1_56' title='bbox 895 1150 965 1198; x_wconf 90' lang='lat' dir='ltr'>non</span> <span class='ocrx_word' id='word_1_57' title='bbox 989 1127 1126 1219; x_wconf 89' lang='lat' dir='ltr'>recepit:</span> <span class='ocrx_word' id='word_1_58' title='bbox 1152 1119 1342 1219; x_wconf 88' lang='lat' dir='ltr'>propterea,</span> <span class='ocrx_word' id='word_1_59' title='bbox 1357 1145 1394 1196; x_wconf 90' lang='lat' dir='ltr'>ut</span> <span class='ocrx_word' id='word_1_60' title='bbox 1417 1129 1467 1196; x_wconf 89' lang='lat' dir='ltr'>vi-</span> 
     </span>
     <span class='ocr_line' id='line_1_8' title="bbox 306 1233 1468 1345; baseline -0.005 -19"><span class='ocrx_word' id='word_1_61' title='bbox 306 1256 416 1343; x_wconf 88' lang='lat' dir='ltr'>detur,</span> <span class='ocrx_word' id='word_1_62' title='bbox 442 1255 536 1345; x_wconf 92' lang='lat' dir='ltr'>quod</span> <span class='ocrx_word' id='word_1_63' title='bbox 560 1253 707 1326; x_wconf 89' lang='lat' dir='ltr'>auctoris</span> <span class='ocrx_word' id='word_1_64' title='bbox 727 1255 820 1324; x_wconf 91' lang='lat' dir='ltr'>nulla</span> <span class='ocrx_word' id='word_1_65' title='bbox 844 1233 1006 1324; x_wconf 87' lang='lat' dir='ltr'>factaest</span> <span class='ocrx_word' id='word_1_66' title='bbox 1028 1253 1168 1336; x_wconf 87' lang='lat' dir='ltr'>mentio,</span> <span class='ocrx_word' id='word_1_67' title='bbox 1202 1253 1282 1322; x_wconf 85' lang='lat' dir='ltr'>curn</span> <span class='ocrx_word' id='word_1_68' title='bbox 1304 1249 1380 1341; x_wconf 89' lang='lat' dir='ltr'>alii,</span> <span class='ocrx_word' id='word_1_69' title='bbox 1410 1252 1468 1342; x_wconf 92' lang='lat' dir='ltr'>qui</span> 
     </span>
     <span class='ocr_line' id='line_1_9' title="bbox 304 1361 1569 1470; baseline -0.005 -21"><span class='ocrx_word' id='word_1_70' title='bbox 304 1379 500 1450; x_wconf 86' lang='lat' dir='ltr'>eademfere</span> <span class='ocrx_word' id='word_1_71' title='bbox 514 1378 727 1448; x_wconf 89' lang='lat' dir='ltr'>tradiderunt</span> <span class='ocrx_word' id='word_1_72' title='bbox 739 1377 890 1467; x_wconf 89' lang='lat' dir='ltr'>(Servius</span> <span class='ocrx_word' id='word_1_73' title='bbox 905 1377 949 1446; x_wconf 91' lang='lat' dir='ltr'>ad</span> <span class='ocrx_word' id='word_1_74' title='bbox 964 1378 1054 1446; x_wconf 80' lang='lat' dir='ltr'>Aen.</span> <span class='ocrx_word' id='word_1_75' title='bbox 1079 1400 1108 1470; x_wconf 79' lang='lat'>1,</span> <span class='ocrx_word' id='word_1_76' title='bbox 1132 1400 1194 1467; x_wconf 91' lang='lat'>117</span> <span class='ocrx_word' id='word_1_77' title='bbox 1210 1379 1274 1464; x_wconf 87' lang='lat'>(1)·,</span> <span class='ocrx_word' id='word_1_78' title='bbox 1287 1376 1320 1459; x_wconf 81' lang='lat'>3,</span> <span class='ocrx_word' id='word_1_79' title='bbox 1332 1377 1400 1464; x_wconf 82' lang='lat'>425</span> <span class='ocrx_word' id='word_1_80' title='bbox 1418 1379 1468 1464; x_wconf 98' lang='grc'>(2)</span> <span class='ocrx_word' id='word_1_81' title='bbox 1567 1361 1569 1369; x_wconf 42' lang='grc'><strong>”</strong></span> 
     </span>
     <span class='ocr_line' id='line_1_10' title="bbox 302 1497 1469 1592; baseline -0.003 -21"><span class='ocrx_word' id='word_1_82' title='bbox 302 1521 334 1571; x_wconf 88' lang='lat' dir='ltr'>et</span> <span class='ocrx_word' id='word_1_83' title='bbox 359 1501 555 1572; x_wconf 80' lang='lat' dir='ltr'>Arusianus</span> <span class='ocrx_word' id='word_1_84' title='bbox 577 1525 613 1592; x_wconf 91' lang='lat' dir='ltr'>p.</span> <span class='ocrx_word' id='word_1_85' title='bbox 637 1521 705 1592; x_wconf 84' lang='lat'>229</span> <span class='ocrx_word' id='word_1_86' title='bbox 728 1501 782 1570; x_wconf 86' lang='lat' dir='ltr'>ed.</span> <span class='ocrx_word' id='word_1_87' title='bbox 822 1501 980 1571; x_wconf 88' lang='lat' dir='ltr'>Lindem.</span> <span class='ocrx_word' id='word_1_88' title='bbox 1009 1499 1084 1589; x_wconf 76' lang='lat'>(3))</span> <span class='ocrx_word' id='word_1_89' title='bbox 1119 1521 1238 1568; x_wconf 88' lang='lat' dir='ltr'>omnes</span> <span class='ocrx_word' id='word_1_90' title='bbox 1268 1497 1469 1571; x_wconf 81' lang='lat' dir='ltr'>Sallustium</span> 
     </span>
     <span class='ocr_line' id='line_1_11' title="bbox 304 1623 1468 1714; baseline -0.004 -18"><span class='ocrx_word' id='word_1_91' title='bbox 304 1643 477 1696; x_wconf 83' lang='lat' dir='ltr'>auctorem</span> <span class='ocrx_word' id='word_1_92' title='bbox 497 1625 611 1696; x_wconf 81' lang='lat' dir='ltr'><strong>citent.</strong></span> <span class='ocrx_word' id='word_1_93' title='bbox 639 1626 672 1694; x_wconf 83' lang='grc' dir='ltr'>Α</span> <span class='ocrx_word' id='word_1_94' title='bbox 701 1624 833 1696; x_wconf 89' lang='lat' dir='ltr'>Kritzio</span> <span class='ocrx_word' id='word_1_95' title='bbox 857 1647 976 1694; x_wconf 91' lang='lat' dir='ltr'>rursus</span> <span class='ocrx_word' id='word_1_96' title='bbox 998 1646 1067 1694; x_wconf 91' lang='lat' dir='ltr'>non</span> <span class='ocrx_word' id='word_1_97' title='bbox 1081 1623 1243 1692; x_wconf 90' lang='lat' dir='ltr'>dissentio</span> <span class='ocrx_word' id='word_1_98' title='bbox 1262 1623 1297 1691; x_wconf 91' lang='lat' dir='ltr'>in</span> <span class='ocrx_word' id='word_1_99' title='bbox 1316 1644 1357 1692; x_wconf 90' lang='lat' dir='ltr'>eo</span> <span class='ocrx_word' id='word_1_100' title='bbox 1375 1623 1468 1714; x_wconf 93' lang='lat' dir='ltr'>quod</span> 
     </span>
     <span class='ocr_line' id='line_1_12' title="bbox 302 1733 1469 1842; baseline -0.003 -22"><span class='ocrx_word' id='word_1_101' title='bbox 302 1751 431 1840; x_wconf 89' lang='lat' dir='ltr'>reliqua</span> <span class='ocrx_word' id='word_1_102' title='bbox 457 1747 560 1819; x_wconf 92' lang='lat' dir='ltr'>huius</span> <span class='ocrx_word' id='word_1_103' title='bbox 583 1733 790 1842; x_wconf 84' lang='lat' dir='ltr'>paragraphi</span> <span class='ocrx_word' id='word_1_104' title='bbox 809 1749 912 1818; x_wconf 89' lang='lat' dir='ltr'>verba</span> <span class='ocrx_word' id='word_1_105' title='bbox 941 1778 956 1813; x_wconf 80' lang='lat' dir='ltr'>a</span> <span class='ocrx_word' id='word_1_106' title='bbox 985 1749 1056 1817; x_wconf 88' lang='lat' dir='ltr'>Ter</span> <span class='ocrx_word' id='word_1_107' title='bbox 1078 1759 1193 1817; x_wconf 89' lang='lat' dir='ltr'>autem</span> <span class='ocrx_word' id='word_1_108' title='bbox 1221 1749 1257 1816; x_wconf 87' lang='lat' dir='ltr'>in</span> <span class='ocrx_word' id='word_1_109' title='bbox 1279 1746 1337 1817; x_wconf 88' lang='lat' dir='ltr'>die</span> <span class='ocrx_word' id='word_1_110' title='bbox 1355 1747 1469 1840; x_wconf 77' lang='lat' dir='ltr'>erigit</span> 
     </span>
     <span class='ocr_line' id='line_1_13' title="bbox 287 1869 1471 1966; baseline -0.003 -24"><span class='ocrx_word' id='word_1_111' title='bbox 287 1889 290 1898; x_wconf 83' lang='grc'><strong>’</strong></span> <span class='ocrx_word' id='word_1_112' title='bbox 298 1875 480 1966; x_wconf 82' lang='lat' dir='ltr'>fluctuset</span> <span class='ocrx_word' id='word_1_113' title='bbox 495 1881 550 1940; x_wconf 91' lang='lat' dir='ltr'>ter</span> <span class='ocrx_word' id='word_1_114' title='bbox 567 1869 739 1941; x_wconf 90' lang='lat' dir='ltr'>absorbet.</span> <span class='ocrx_word' id='word_1_115' title='bbox 760 1869 853 1939; x_wconf 88' lang='lat' dir='ltr'>Nam</span> <span class='ocrx_word' id='word_1_116' title='bbox 873 1871 1002 1964; x_wconf 86' lang='lat' dir='ltr'>accipit</span> <span class='ocrx_word' id='word_1_117' title='bbox 1014 1893 1122 1963; x_wconf 81' lang='lat' dir='ltr'>aquas</span> <span class='ocrx_word' id='word_1_118' title='bbox 1141 1881 1181 1940; x_wconf 91' lang='lat' dir='ltr'>ut</span> <span class='ocrx_word' id='word_1_119' title='bbox 1196 1881 1341 1958; x_wconf 83' lang='lat' dir='ltr'>evomat,</span> <span class='ocrx_word' id='word_1_120' title='bbox 1361 1871 1471 1941; x_wconf 79' lang='lat' dir='ltr'>uomit</span> 
     </span>
     <span class='ocr_line' id='line_1_14' title="bbox 307 1971 1466 2088; baseline -0.001 -25"><span class='ocrx_word' id='word_1_121' title='bbox 307 1989 347 2064; x_wconf 81' lang='lat' dir='ltr'>ait</span> <span class='ocrx_word' id='word_1_122' title='bbox 371 2014 516 2064; x_wconf 90' lang='lat' dir='ltr'>rursum</span> <span class='ocrx_word' id='word_1_123' title='bbox 541 1995 727 2088; x_wconf 78' lang='lat' dir='ltr'>accipiat»</span> <span class='ocrx_word' id='word_1_124' title='bbox 760 1995 804 2064; x_wconf 92' lang='lat' dir='ltr'>ab</span> <span class='ocrx_word' id='word_1_125' title='bbox 831 1993 996 2082; x_wconf 90' lang='lat' dir='ltr'>Sallustio</span> <span class='ocrx_word' id='word_1_126' title='bbox 1021 1994 1106 2064; x_wconf 87' lang='lat' dir='ltr'>adeo</span> <span class='ocrx_word' id='word_1_127' title='bbox 1139 1995 1324 2064; x_wconf 88' lang='lat' dir='ltr'>abhorrere</span> <span class='ocrx_word' id='word_1_128' title='bbox 1355 1971 1466 2064; x_wconf 87' lang='lat' dir='ltr'>existi-</span> 
     </span>
     <span class='ocr_line' id='line_1_15' title="bbox 304 2113 1468 2210; baseline 0 -22"><span class='ocrx_word' id='word_1_129' title='bbox 304 2118 421 2204; x_wconf 88' lang='lat' dir='ltr'>mavit,</span> <span class='ocrx_word' id='word_1_130' title='bbox 446 2135 484 2187; x_wconf 92' lang='lat' dir='ltr'>ut</span> <span class='ocrx_word' id='word_1_131' title='bbox 503 2117 635 2189; x_wconf 88' lang='lat' dir='ltr'>silentio</span> <span class='ocrx_word' id='word_1_132' title='bbox 651 2141 689 2188; x_wconf 90' lang='lat' dir='ltr'>ea</span> <span class='ocrx_word' id='word_1_133' title='bbox 704 2118 934 2210; x_wconf 89' lang='lat' dir='ltr'>praeterierit:</span> <span class='ocrx_word' id='word_1_134' title='bbox 961 2118 1143 2210; x_wconf 87' lang='lat' dir='ltr'>eVergilio</span> <span class='ocrx_word' id='word_1_135' title='bbox 1166 2113 1217 2209; x_wconf 80' lang='grc'>(4)</span> <span class='ocrx_word' id='word_1_136' title='bbox 1241 2117 1333 2188; x_wconf 86' lang='lat' dir='ltr'>enirn</span> <span class='ocrx_word' id='word_1_137' title='bbox 1361 2143 1468 2210; x_wconf 86' lang='lat' dir='ltr'>exque</span> 
     </span>
     <span class='ocr_line' id='line_1_16' title="bbox 302 2216 1471 2334; baseline -0.002 -22"><span class='ocrx_word' id='word_1_138' title='bbox 302 2239 380 2313; x_wconf 83' lang='lat' dir='ltr'>eius</span> <span class='ocrx_word' id='word_1_139' title='bbox 401 2242 580 2314; x_wconf 88' lang='lat' dir='ltr'>scholiasta</span> <span class='ocrx_word' id='word_1_140' title='bbox 595 2247 645 2334; x_wconf 89' lang='lat'>(5)</span> <span class='ocrx_word' id='word_1_141' title='bbox 670 2244 726 2313; x_wconf 89' lang='lat' dir='ltr'>illa</span> <span class='ocrx_word' id='word_1_142' title='bbox 748 2243 970 2314; x_wconf 89' lang='lat' dir='ltr'>concinnasse</span> <span class='ocrx_word' id='word_1_143' title='bbox 990 2242 1163 2314; x_wconf 87' lang='lat' dir='ltr'>Isidorum</span> <span class='ocrx_word' id='word_1_144' title='bbox 1188 2241 1264 2332; x_wconf 90' lang='lat' dir='ltr'>quis</span> <span class='ocrx_word' id='word_1_145' title='bbox 1279 2216 1471 2334; x_wconf 61' lang='lat' dir='ltr'>negaverit?</span> 
     </span>
    </p>
   </div>
   <div class='ocr_carea' id='block_1_2' title="bbox 347 2441 1467 2538">
    <p class='ocr_par' dir='ltr' id='par_1_3' title="bbox 347 2441 1467 2538">
     <span class='ocr_line' id='line_1_17' title="bbox 347 2441 1467 2538; baseline -0.002 -24"><span class='ocrx_word' id='word_1_146' title='bbox 347 2446 378 2516; x_wconf 78' lang='lat'>3.</span> <span class='ocrx_word' id='word_1_147' title='bbox 407 2445 512 2538; x_wconf 76' lang='lat' dir='ltr'>Orig.</span> <span class='ocrx_word' id='word_1_148' title='bbox 541 2447 593 2534; x_wconf 82' lang='lat'>13,</span> <span class='ocrx_word' id='word_1_149' title='bbox 613 2468 669 2530; x_wconf 85' lang='lat'>21,</span> <span class='ocrx_word' id='word_1_150' title='bbox 695 2447 878 2536; x_wconf 81' lang='lat' dir='ltr'>10(6)3de</span> <span class='ocrx_word' id='word_1_151' title='bbox 899 2447 963 2514; x_wconf 89' lang='lat' dir='ltr'>hoc</span> <span class='ocrx_word' id='word_1_152' title='bbox 989 2445 1111 2514; x_wconf 87' lang='lat' dir='ltr'>Isidori</span> <span class='ocrx_word' id='word_1_153' title='bbox 1147 2447 1221 2514; x_wconf 85' lang='lat' dir='ltr'>loco</span> <span class='ocrx_word' id='word_1_154' title='bbox 1247 2441 1291 2514; x_wconf 87' lang='lat' dir='ltr'>cf.</span> <span class='ocrx_word' id='word_1_155' title='bbox 1315 2443 1467 2516; x_wconf 90' lang='lat' dir='ltr'>Kritzius</span> 
     </span>
    </p>
   </div>
   <div class='ocr_carea' id='block_1_3' title="bbox 302 2569 1464 2663">
    <p class='ocr_par' dir='ltr' id='par_1_4' title="bbox 302 2569 1464 2663">
     <span class='ocr_line' id='line_1_18' title="bbox 302 2569 1464 2663; baseline 0 -25"><span class='ocrx_word' id='word_1_156' title='bbox 302 2571 346 2638; x_wconf 91' lang='lat' dir='ltr'>ad</span> <span class='ocrx_word' id='word_1_157' title='bbox 370 2570 412 2638; x_wconf 88' lang='lat' dir='ltr'>lr.</span> <span class='ocrx_word' id='word_1_158' title='bbox 452 2593 485 2640; x_wconf 89' lang='lat'>11</span> <span class='ocrx_word' id='word_1_159' title='bbox 515 2571 591 2644; x_wconf 92' lang='lat' dir='ltr'>libri</span> <span class='ocrx_word' id='word_1_160' title='bbox 616 2571 666 2639; x_wconf 89' lang='lat' dir='ltr'>lV</span> <span class='ocrx_word' id='word_1_161' title='bbox 689 2595 724 2663; x_wconf 91' lang='lat' dir='ltr'>p.</span> <span class='ocrx_word' id='word_1_162' title='bbox 748 2571 824 2662; x_wconf 72' lang='lat'>307,</span> <span class='ocrx_word' id='word_1_163' title='bbox 847 2595 914 2662; x_wconf 71' lang='lat' dir='ltr'>sq,</span> <span class='ocrx_word' id='word_1_164' title='bbox 942 2571 996 2639; x_wconf 90' lang='lat' dir='ltr'>cui</span> <span class='ocrx_word' id='word_1_165' title='bbox 1025 2569 1059 2660; x_wconf 86' lang='lat' dir='ltr'>in</span> <span class='ocrx_word' id='word_1_166' title='bbox 1087 2569 1249 2640; x_wconf 89' lang='lat' dir='ltr'>omnibus</span> <span class='ocrx_word' id='word_1_167' title='bbox 1280 2570 1464 2658; x_wconf 89' lang='lat' dir='ltr'>assentior,</span> 
     </span>
    </p>
   </div>
   <div class='ocr_carea' id='block_1_4' title="bbox 302 2745 454 2758">
    <p class='ocr_par' dir='ltr' id='par_1_5' title="bbox 302 2745 454 2758">
     <span class='ocr_line' id='line_1_19' title="bbox 302 2745 454 2758; baseline -0.013 0"><span class='ocrx_word' id='word_1_168' title='bbox 302 2745 454 2758; x_wconf 68' lang='grc' dir='ltr'>-μ--ο--ι-ι</span> 
     </span>
    </p>
   </div>
   <div class='ocr_carea' id='block_1_5' title="bbox 299 2863 1466 3293">
    <p class='ocr_par' dir='ltr' id='par_1_6' title="bbox 336 2863 1326 2948">
     <span class='ocr_line' id='line_1_20' title="bbox 336 2863 1326 2948; baseline 0.002 -29"><span class='ocrx_word' id='word_1_169' title='bbox 336 2869 375 2938; x_wconf 92' lang='grc'>(2)</span> <span class='ocrx_word' id='word_1_170' title='bbox 395 2865 467 2922; x_wconf 83' lang='lat' dir='ltr'>aDe</span> <span class='ocrx_word' id='word_1_171' title='bbox 478 2882 536 2948; x_wconf 78' lang='lat' dir='ltr'>pua</span> <span class='ocrx_word' id='word_1_172' title='bbox 550 2864 593 2920; x_wconf 92' lang='lat' dir='ltr'>ait</span> <span class='ocrx_word' id='word_1_173' title='bbox 606 2863 779 2920; x_wconf 80' lang='lat' dir='ltr'>Sallustius:</span> <span class='ocrx_word' id='word_1_174' title='bbox 794 2863 976 2938; x_wconf 82' lang='lat' dir='ltr'>Charybdis,</span> <span class='ocrx_word' id='word_1_175' title='bbox 991 2881 1072 2921; x_wconf 89' lang='lat' dir='ltr'>mare</span> <span class='ocrx_word' id='word_1_176' title='bbox 1086 2863 1289 2923; x_wconf 79' lang='lat' dir='ltr'>verticularum</span> <span class='ocrx_word' id='word_1_177' title='bbox 1302 2887 1326 2921; x_wconf 75' lang='lat' dir='ltr'>a.</span> 
     </span>
    </p>

    <p class='ocr_par' dir='ltr' id='par_1_7' title="bbox 300 2949 1466 3118">
     <span class='ocr_line' id='line_1_21' title="bbox 338 2949 1466 3028; baseline 0.002 -20"><span class='ocrx_word' id='word_1_178' title='bbox 338 2956 376 3028; x_wconf 90' lang='grc'>(2)</span> <span class='ocrx_word' id='word_1_179' title='bbox 398 2977 411 3002; x_wconf 65' lang='grc' dir='ltr'>ιι</span> <span class='ocrx_word' id='word_1_180' title='bbox 428 2949 636 3024; x_wconf 84' lang='lat' dir='ltr'>[Trahentem3</span> <span class='ocrx_word' id='word_1_181' title='bbox 656 2949 831 3008; x_wconf 80' lang='lat' dir='ltr'>Sallustius:</span> <span class='ocrx_word' id='word_1_182' title='bbox 851 2951 936 3020; x_wconf 84' lang='lat' dir='ltr'>Quod</span> <span class='ocrx_word' id='word_1_183' title='bbox 952 2951 1034 3025; x_wconf 88' lang='lat' dir='ltr'>sorte</span> <span class='ocrx_word' id='word_1_184' title='bbox 1054 2949 1144 3007; x_wconf 89' lang='lat' dir='ltr'>inlata</span> <span class='ocrx_word' id='word_1_185' title='bbox 1172 2950 1332 3027; x_wconf 81' lang='lat' dir='ltr'>naufragia</span> <span class='ocrx_word' id='word_1_186' title='bbox 1349 2955 1466 3010; x_wconf 84' lang='lat' dir='ltr'>sorbens</span> 
     </span>
     <span class='ocr_line' id='line_1_22' title="bbox 300 3038 1462 3118; baseline 0 -21"><span class='ocrx_word' id='word_1_187' title='bbox 300 3041 472 3118; x_wconf 77' lang='lat' dir='ltr'>gurgitibus</span> <span class='ocrx_word' id='word_1_188' title='bbox 482 3039 601 3096; x_wconf 87' lang='lat' dir='ltr'>occultis</span> <span class='ocrx_word' id='word_1_189' title='bbox 612 3039 696 3096; x_wconf 89' lang='lat' dir='ltr'>milia</span> <span class='ocrx_word' id='word_1_190' title='bbox 706 3039 866 3114; x_wconf 79' lang='lat' dir='ltr'>sexaginta</span> <span class='ocrx_word' id='word_1_191' title='bbox 882 3038 1128 3098; x_wconf 87' lang='lat' dir='ltr'>Tauromenitana</span> <span class='ocrx_word' id='word_1_192' title='bbox 1142 3040 1181 3096; x_wconf 90' lang='lat' dir='ltr'>ad</span> <span class='ocrx_word' id='word_1_193' title='bbox 1192 3040 1279 3097; x_wconf 91' lang='lat' dir='ltr'>litora</span> <span class='ocrx_word' id='word_1_194' title='bbox 1290 3041 1428 3112; x_wconf 85' lang='lat' dir='ltr'>trahit...]</span> <span class='ocrx_word' id='word_1_195' title='bbox 1440 3067 1462 3097; x_wconf 75' lang='lat' dir='ltr'>l.</span> 
     </span>
    </p>

    <p class='ocr_par' dir='ltr' id='par_1_8' title="bbox 299 3117 1464 3293">
     <span class='ocr_line' id='line_1_23' title="bbox 338 3117 1464 3206; baseline 0 -20"><span class='ocrx_word' id='word_1_196' title='bbox 338 3127 376 3202; x_wconf 81' lang='lat'>(3)</span> <span class='ocrx_word' id='word_1_197' title='bbox 393 3117 558 3202; x_wconf 71' lang='lat' dir='ltr'>«Emergit</span> <span class='ocrx_word' id='word_1_198' title='bbox 573 3145 613 3184; x_wconf 92' lang='lat' dir='ltr'>se.</span> <span class='ocrx_word' id='word_1_199' title='bbox 628 3126 747 3184; x_wconf 82' lang='lat' dir='ltr'>Sallust.</span> <span class='ocrx_word' id='word_1_200' title='bbox 759 3126 825 3182; x_wconf 88' lang='lat' dir='ltr'>hist.</span> <span class='ocrx_word' id='word_1_201' title='bbox 839 3127 890 3184; x_wconf 91' lang='lat' dir='ltr'>lV:</span> <span class='ocrx_word' id='word_1_202' title='bbox 903 3125 960 3184; x_wconf 87' lang='lat' dir='ltr'>Ubi</span> <span class='ocrx_word' id='word_1_203' title='bbox 971 3144 1003 3183; x_wconf 87' lang='lat' dir='ltr'>se</span> <span class='ocrx_word' id='word_1_204' title='bbox 1017 3127 1126 3206; x_wconf 88' lang='lat' dir='ltr'>laniata</span> <span class='ocrx_word' id='word_1_205' title='bbox 1140 3127 1359 3204; x_wconf 79' lang='lat' dir='ltr'>nauigiasundo</span> <span class='ocrx_word' id='word_1_206' title='bbox 1372 3147 1464 3202; x_wconf 81' lang='lat' dir='ltr'>emer·</span> 
     </span>
     <span class='ocr_line' id='line_1_24' title="bbox 299 3226 413 3293; baseline -0.018 -19"><span class='ocrx_word' id='word_1_207' title='bbox 299 3226 374 3293; x_wconf 81' lang='lat' dir='ltr'>guni</span> <span class='ocrx_word' id='word_1_208' title='bbox 387 3240 413 3272; x_wconf 78' lang='lat' dir='ltr'>u,</span> 
     </span>
    </p>
   </div>
   <div class='ocr_carea' id='block_1_6' title="bbox 337 3311 1462 3576">
    <p class='ocr_par' dir='ltr' id='par_1_9' title="bbox 337 3311 1462 3576">
     <span class='ocr_line' id='line_1_25' title="bbox 337 3311 1413 3405; baseline 0.006 -25"><span class='ocrx_word' id='word_1_209' title='bbox 337 3324 374 3396; x_wconf 86' lang='lat'>(4)</span> <span class='ocrx_word' id='word_1_210' title='bbox 395 3325 468 3382; x_wconf 85' lang='lat' dir='ltr'>Aen·</span> <span class='ocrx_word' id='word_1_211' title='bbox 488 3325 515 3395; x_wconf 82' lang='lat'>3,</span> <span class='ocrx_word' id='word_1_212' title='bbox 534 3323 594 3382; x_wconf 80' lang='lat'>421:</span> <span class='ocrx_word' id='word_1_213' title='bbox 612 3349 626 3374; x_wconf 74' lang='lat' dir='ltr'>u</span> <span class='ocrx_word' id='word_1_214' title='bbox 701 3332 786 3398; x_wconf 78' lang='lat' dir='ltr'>atque</span> <span class='ocrx_word' id='word_1_215' title='bbox 806 3323 865 3380; x_wconf 90' lang='lat' dir='ltr'>imo</span> <span class='ocrx_word' id='word_1_216' title='bbox 884 3322 1017 3381; x_wconf 86' lang='lat' dir='ltr'>barathri</span> <span class='ocrx_word' id='word_1_217' title='bbox 1035 3333 1079 3380; x_wconf 89' lang='lat' dir='ltr'>ter</span> <span class='ocrx_word' id='word_1_218' title='bbox 1096 3325 1220 3405; x_wconf 73' lang='lat' dir='ltr'>gurgite</span> <span class='ocrx_word' id='word_1_219' title='bbox 1239 3311 1347 3384; x_wconf 82' lang='lat' dir='ltr'>vastos</span> <span class='ocrx_word' id='word_1_220' title='bbox 1410 3379 1413 3386; x_wconf 94' lang='lat'><em>.</em></span> 
     </span>
     <span class='ocr_line' id='line_1_26' title="bbox 585 3410 1462 3490; baseline 0.006 -21"><span class='ocrx_word' id='word_1_221' title='bbox 585 3444 588 3450; x_wconf 93' lang='lat'>·</span> <span class='ocrx_word' id='word_1_222' title='bbox 633 3412 729 3474; x_wconf 89' lang='lat' dir='ltr'>sorbet</span> <span class='ocrx_word' id='word_1_223' title='bbox 744 3412 772 3468; x_wconf 91' lang='lat' dir='ltr'>in</span> <span class='ocrx_word' id='word_1_224' title='bbox 786 3411 941 3486; x_wconf 87' lang='lat' dir='ltr'>abruptum</span> <span class='ocrx_word' id='word_1_225' title='bbox 948 3413 1060 3488; x_wconf 86' lang='lat' dir='ltr'>fluctus</span> <span class='ocrx_word' id='word_1_226' title='bbox 1075 3429 1232 3490; x_wconf 81' lang='lat' dir='ltr'>rursusque</span> <span class='ocrx_word' id='word_1_227' title='bbox 1246 3414 1299 3472; x_wconf 89' lang='lat' dir='ltr'>sub</span> <span class='ocrx_word' id='word_1_228' title='bbox 1311 3410 1406 3474; x_wconf 76' lang='lat' dir='ltr'>aurai</span> <span class='ocrx_word' id='word_1_229' title='bbox 1434 3455 1436 3460; x_wconf 90' lang='lat'><em>-</em></span> <span class='ocrx_word' id='word_1_230' title='bbox 1459 3455 1462 3462; x_wconf 37' lang='grc' dir='ltr'><strong><em>ι</em></strong></span> 
     </span>
     <span class='ocr_line' id='line_1_27' title="bbox 635 3500 900 3576; baseline 0 -18"><span class='ocrx_word' id='word_1_231' title='bbox 635 3500 728 3576; x_wconf 78' lang='lat' dir='ltr'>erigit</span> <span class='ocrx_word' id='word_1_232' title='bbox 739 3500 864 3558; x_wconf 89' lang='lat' dir='ltr'>alternos</span> <span class='ocrx_word' id='word_1_233' title='bbox 876 3525 900 3558; x_wconf 73' lang='lat' dir='ltr'>o.</span> 
     </span>
    </p>
   </div>
   <div class='ocr_carea' id='block_1_7' title="bbox 232 3599 1544 4574">
    <p class='ocr_par' dir='ltr' id='par_1_10' title="bbox 297 3599 1462 3770">
     <span class='ocr_line' id='line_1_28' title="bbox 336 3599 1462 3684; baseline 0 -20"><span class='ocrx_word' id='word_1_234' title='bbox 336 3606 374 3680; x_wconf 88' lang='grc'>(5)</span> <span class='ocrx_word' id='word_1_235' title='bbox 389 3605 471 3662; x_wconf 83' lang='lat' dir='ltr'>Serv.</span> <span class='ocrx_word' id='word_1_236' title='bbox 486 3606 524 3661; x_wconf 83' lang='lat' dir='ltr'>ad</span> <span class='ocrx_word' id='word_1_237' title='bbox 539 3606 611 3662; x_wconf 86' lang='lat' dir='ltr'>Aen.</span> <span class='ocrx_word' id='word_1_238' title='bbox 626 3608 654 3678; x_wconf 89' lang='lat'>3,</span> <span class='ocrx_word' id='word_1_239' title='bbox 669 3606 738 3663; x_wconf 75' lang='lat'>423:</span> <span class='ocrx_word' id='word_1_240' title='bbox 762 3626 775 3660; x_wconf 85' lang='lat' dir='ltr'>u</span> <span class='ocrx_word' id='word_1_241' title='bbox 792 3605 844 3682; x_wconf 83' lang='lat'><strong>[....</strong></span> <span class='ocrx_word' id='word_1_242' title='bbox 861 3607 1060 3680; x_wconf 76' lang='lat' dir='ltr'>minturnas,</span> <span class='ocrx_word' id='word_1_243' title='bbox 1075 3607 1216 3682; x_wconf 80' lang='lat' dir='ltr'>uicissim,</span> <span class='ocrx_word' id='word_1_244' title='bbox 1230 3607 1297 3682; x_wconf 87' lang='lat' dir='ltr'>quia</span> <span class='ocrx_word' id='word_1_245' title='bbox 1310 3599 1418 3684; x_wconf 84' lang='lat' dir='ltr'>accipit</span> <span class='ocrx_word' id='word_1_246' title='bbox 1432 3619 1462 3664; x_wconf 87' lang='lat' dir='ltr'>ut</span> 
     </span>
     <span class='ocr_line' id='line_1_29' title="bbox 297 3691 1372 3770; baseline 0.001 -20"><span class='ocrx_word' id='word_1_247' title='bbox 297 3701 402 3762; x_wconf 82' lang='lat' dir='ltr'>vomat,</span> <span class='ocrx_word' id='word_1_248' title='bbox 419 3707 521 3748; x_wconf 83' lang='lat' dir='ltr'>rursus</span> <span class='ocrx_word' id='word_1_249' title='bbox 535 3692 625 3750; x_wconf 85' lang='lat' dir='ltr'>uomit</span> <span class='ocrx_word' id='word_1_250' title='bbox 639 3702 670 3748; x_wconf 92' lang='lat' dir='ltr'>ut</span> <span class='ocrx_word' id='word_1_251' title='bbox 683 3691 820 3770; x_wconf 88' lang='lat' dir='ltr'>accipiat]</span> <span class='ocrx_word' id='word_1_252' title='bbox 839 3717 863 3749; x_wconf 71' lang='lat' dir='ltr'>a.</span> <span class='ocrx_word' id='word_1_253' title='bbox 1153 3705 1154 3710; x_wconf 76' lang='grc'>’</span> <span class='ocrx_word' id='word_1_254' title='bbox 1224 3741 1227 3749; x_wconf 41' lang='grc'>2</span> <span class='ocrx_word' id='word_1_255' title='bbox 1367 3747 1372 3756; x_wconf 91' lang='grc'>,</span> 
     </span>
    </p>

    <p class='ocr_par' dir='ltr' id='par_1_11' title="bbox 296 3779 1499 4039">
     <span class='ocr_line' id='line_1_30' title="bbox 336 3779 1464 3860; baseline 0.002 -20"><span class='ocrx_word' id='word_1_256' title='bbox 336 3781 375 3853; x_wconf 86' lang='grc'>(6)</span> <span class='ocrx_word' id='word_1_257' title='bbox 398 3801 411 3834; x_wconf 78' lang='lat' dir='ltr'>a</span> <span class='ocrx_word' id='word_1_258' title='bbox 429 3779 597 3856; x_wconf 83' lang='lat' dir='ltr'>Euphrates</span> <span class='ocrx_word' id='word_1_259' title='bbox 611 3781 724 3856; x_wconf 82' lang='lat' dir='ltr'>fluuius</span> <span class='ocrx_word' id='word_1_260' title='bbox 742 3781 974 3856; x_wconf 74' lang='lat' dir='ltr'>Mesopotamiae</span> <span class='ocrx_word' id='word_1_261' title='bbox 992 3783 1027 3839; x_wconf 89' lang='lat' dir='ltr'>de</span> <span class='ocrx_word' id='word_1_262' title='bbox 1041 3783 1186 3857; x_wconf 80' lang='lat' dir='ltr'>paradiso</span> <span class='ocrx_word' id='word_1_263' title='bbox 1201 3785 1349 3857; x_wconf 81' lang='lat' dir='ltr'>exoriens,</span> <span class='ocrx_word' id='word_1_264' title='bbox 1367 3784 1464 3860; x_wconf 89' lang='lat' dir='ltr'>copio-</span> 
     </span>
     <span class='ocr_line' id='line_1_31' title="bbox 296 3871 1499 3952; baseline 0 -20"><span class='ocrx_word' id='word_1_265' title='bbox 296 3873 431 3932; x_wconf 90' lang='lat' dir='ltr'>sissimus</span> <span class='ocrx_word' id='word_1_266' title='bbox 448 3873 584 3948; x_wconf 80' lang='lat' dir='ltr'>gemmis,</span> <span class='ocrx_word' id='word_1_267' title='bbox 602 3871 652 3947; x_wconf 83' lang='lat' dir='ltr'>qui</span> <span class='ocrx_word' id='word_1_268' title='bbox 666 3890 723 3947; x_wconf 85' lang='lat' dir='ltr'>per</span> <span class='ocrx_word' id='word_1_269' title='bbox 741 3873 867 3930; x_wconf 88' lang='lat' dir='ltr'>mediam</span> <span class='ocrx_word' id='word_1_270' title='bbox 885 3873 1085 3952; x_wconf 86' lang='lat' dir='ltr'>Babyloniam</span> <span class='ocrx_word' id='word_1_271' title='bbox 1102 3875 1214 3952; x_wconf 82' lang='lat' dir='ltr'>influit:</span> <span class='ocrx_word' id='word_1_272' title='bbox 1234 3875 1282 3932; x_wconf 88' lang='lat' dir='ltr'>hic</span> <span class='ocrx_word' id='word_1_273' title='bbox 1295 3893 1313 3932; x_wconf 95' lang='lat' dir='ltr'>a</span> <span class='ocrx_word' id='word_1_274' title='bbox 1318 3877 1469 3952; x_wconf 78' lang='lat' dir='ltr'>frugibus</span> <span class='ocrx_word' id='word_1_275' title='bbox 1496 3925 1499 3932; x_wconf 85' lang='lat'>.</span> 
     </span>
     <span class='ocr_line' id='line_1_32' title="bbox 297 3948 1471 4039; baseline 0.003 -21"><span class='ocrx_word' id='word_1_276' title='bbox 297 3962 341 4019; x_wconf 84' lang='lat' dir='ltr'>vel</span> <span class='ocrx_word' id='word_1_277' title='bbox 358 3962 395 4020; x_wconf 90' lang='lat' dir='ltr'>ab</span> <span class='ocrx_word' id='word_1_278' title='bbox 414 3962 545 4018; x_wconf 81' lang='lat' dir='ltr'>ubertate</span> <span class='ocrx_word' id='word_1_279' title='bbox 560 3978 662 4017; x_wconf 85' lang='lat' dir='ltr'>noman</span> <span class='ocrx_word' id='word_1_280' title='bbox 680 3961 800 4036; x_wconf 85' lang='lat' dir='ltr'>accepit.</span> <span class='ocrx_word' id='word_1_281' title='bbox 821 3962 903 4018; x_wconf 91' lang='lat' dir='ltr'>Nam</span> <span class='ocrx_word' id='word_1_282' title='bbox 918 3961 1053 4038; x_wconf 89' lang='lat' dir='ltr'>Ephrata</span> <span class='ocrx_word' id='word_1_283' title='bbox 1074 3963 1207 4022; x_wconf 84' lang='lat' dir='ltr'>hebraice</span> <span class='ocrx_word' id='word_1_284' title='bbox 1211 3948 1358 4039; x_wconf 78' lang='lat' dir='ltr'>fertilitas</span> <span class='ocrx_word' id='word_1_285' title='bbox 1373 3951 1471 4022; x_wconf 74' lang='lat' dir='ltr'>inter·¹</span> 
     </span>
    </p>

    <p class='ocr_par' dir='ltr' id='par_1_12' title="bbox 232 4042 1544 4574">
     <span class='ocr_line' id='line_1_33' title="bbox 232 4042 1464 4130; baseline 0.002 -22"><span class='ocrx_word' id='word_1_286' title='bbox 232 4117 236 4126; x_wconf 24' lang='lat' dir='ltr'><em>q</em></span> <span class='ocrx_word' id='word_1_287' title='bbox 292 4060 438 4124; x_wconf 85' lang='lat' dir='ltr'>pretatur.</span> <span class='ocrx_word' id='word_1_288' title='bbox 457 4050 703 4126; x_wconf 86' lang='lat' dir='ltr'>Mesopotamiam</span> <span class='ocrx_word' id='word_1_289' title='bbox 722 4050 828 4107; x_wconf 87' lang='lat' dir='ltr'>etenim</span> <span class='ocrx_word' id='word_1_290' title='bbox 849 4051 877 4106; x_wconf 93' lang='lat' dir='ltr'>in</span> <span class='ocrx_word' id='word_1_291' title='bbox 895 4051 1066 4125; x_wconf 86' lang='lat' dir='ltr'>quibusdam</span> <span class='ocrx_word' id='word_1_292' title='bbox 1086 4052 1158 4110; x_wconf 89' lang='lat' dir='ltr'>locis</span> <span class='ocrx_word' id='word_1_293' title='bbox 1177 4053 1218 4110; x_wconf 88' lang='lat' dir='ltr'>ita</span> <span class='ocrx_word' id='word_1_294' title='bbox 1244 4051 1369 4130; x_wconf 79' lang='lat' dir='ltr'>irrigat,</span> <span class='ocrx_word' id='word_1_295' title='bbox 1383 4042 1464 4110; x_wconf 52' lang='lat' dir='ltr'>‘sicut</span> 
     </span>
     <span class='ocr_line' id='line_1_34' title="bbox 295 4139 1461 4216; baseline 0.004 -21"><span class='ocrx_word' id='word_1_296' title='bbox 295 4139 387 4196; x_wconf 89' lang='lat' dir='ltr'>Nilus</span> <span class='ocrx_word' id='word_1_297' title='bbox 405 4139 628 4198; x_wconf 75' lang='lat' dir='ltr'>Alexandriam.</span> <span class='ocrx_word' id='word_1_298' title='bbox 651 4139 809 4198; x_wconf 88' lang='lat' dir='ltr'>Sallustius</span> <span class='ocrx_word' id='word_1_299' title='bbox 828 4151 925 4198; x_wconf 86' lang='lat' dir='ltr'>autem</span> <span class='ocrx_word' id='word_1_300' title='bbox 943 4152 1046 4200; x_wconf 87' lang='lat' dir='ltr'>auctor</span> <span class='ocrx_word' id='word_1_301' title='bbox 1064 4143 1243 4204; x_wconf 87' lang='lat' dir='ltr'>certissimus</span> <span class='ocrx_word' id='word_1_302' title='bbox 1264 4145 1380 4216; x_wconf 85' lang='lat' dir='ltr'>asserit,</span> <span class='ocrx_word' id='word_1_303' title='bbox 1411 4144 1461 4200; x_wconf 80' lang='lat' dir='ltr'>Ti-</span> 
     </span>
     <span class='ocr_line' id='line_1_35' title="bbox 295 4227 1462 4307; baseline 0.004 -23"><span class='ocrx_word' id='word_1_304' title='bbox 295 4228 377 4302; x_wconf 81' lang='lat' dir='ltr'>grim</span> <span class='ocrx_word' id='word_1_305' title='bbox 395 4237 423 4284; x_wconf 88' lang='lat' dir='ltr'>et</span> <span class='ocrx_word' id='word_1_306' title='bbox 441 4227 612 4304; x_wconf 84' lang='lat' dir='ltr'>Euphraten</span> <span class='ocrx_word' id='word_1_307' title='bbox 632 4247 687 4286; x_wconf 89' lang='lat' dir='ltr'>uno</span> <span class='ocrx_word' id='word_1_308' title='bbox 704 4231 790 4304; x_wconf 85' lang='lat' dir='ltr'>sonte</span> <span class='ocrx_word' id='word_1_309' title='bbox 815 4247 933 4288; x_wconf 85' lang='lat' dir='ltr'>manare</span> <span class='ocrx_word' id='word_1_310' title='bbox 962 4231 990 4286; x_wconf 88' lang='lat' dir='ltr'>in</span> <span class='ocrx_word' id='word_1_311' title='bbox 1015 4231 1177 4304; x_wconf 81' lang='lat' dir='ltr'>Armenia,</span> <span class='ocrx_word' id='word_1_312' title='bbox 1200 4233 1250 4307; x_wconf 81' lang='lat' dir='ltr'>qui</span> <span class='ocrx_word' id='word_1_313' title='bbox 1269 4250 1324 4306; x_wconf 86' lang='lat' dir='ltr'>per</span> <span class='ocrx_word' id='word_1_314' title='bbox 1346 4232 1462 4302; x_wconf 77' lang='lat' dir='ltr'>divorsa</span> 
     </span>
     <span class='ocr_line' id='line_1_36' title="bbox 291 4307 1492 4396; baseline 0.007 -26"><span class='ocrx_word' id='word_1_315' title='bbox 291 4307 393 4374; x_wconf 71' lang='lat' dir='ltr'>‘euntes</span> <span class='ocrx_word' id='word_1_316' title='bbox 412 4316 529 4392; x_wconf 80' lang='lat' dir='ltr'>longius</span> <span class='ocrx_word' id='word_1_317' title='bbox 546 4317 716 4376; x_wconf 63' lang='lat' dir='ltr'>diuiduntur</span> <span class='ocrx_word' id='word_1_318' title='bbox 726 4318 821 4393; x_wconf 87' lang='lat' dir='ltr'>spatio</span> <span class='ocrx_word' id='word_1_319' title='bbox 836 4318 930 4376; x_wconf 84' lang='lat' dir='ltr'>medio</span> <span class='ocrx_word' id='word_1_320' title='bbox 944 4319 1044 4377; x_wconf 85' lang='lat' dir='ltr'>relicto</span> <span class='ocrx_word' id='word_1_321' title='bbox 1063 4320 1219 4378; x_wconf 84' lang='lat' dir='ltr'>multorum</span> <span class='ocrx_word' id='word_1_322' title='bbox 1238 4320 1375 4390; x_wconf 71' lang='lat' dir='ltr'>millium·</span> <span class='ocrx_word' id='word_1_323' title='bbox 1389 4337 1463 4396; x_wconf 74' lang='lat' dir='ltr'>quaa</span> <span class='ocrx_word' id='word_1_324' title='bbox 1490 4333 1492 4338; x_wconf 82' lang='grc'><em>·</em></span> 
     </span>
     <span class='ocr_line' id='line_1_37' title="bbox 297 4405 1544 4484; baseline 0.01 -28"><span class='ocrx_word' id='word_1_325' title='bbox 297 4411 391 4458; x_wconf 87' lang='lat' dir='ltr'>tamen</span> <span class='ocrx_word' id='word_1_326' title='bbox 410 4413 488 4465; x_wconf 87' lang='lat' dir='ltr'>terra</span> <span class='ocrx_word' id='word_1_327' title='bbox 516 4405 553 4462; x_wconf 89' lang='lat' dir='ltr'>ab</span> <span class='ocrx_word' id='word_1_328' title='bbox 580 4406 650 4479; x_wconf 88' lang='lat' dir='ltr'>ipsis</span> <span class='ocrx_word' id='word_1_329' title='bbox 677 4405 815 4478; x_wconf 82' lang='lat' dir='ltr'>ambitur,</span> <span class='ocrx_word' id='word_1_330' title='bbox 834 4407 1049 4482; x_wconf 87' lang='lat' dir='ltr'>Mesopotamia</span> <span class='ocrx_word' id='word_1_331' title='bbox 1068 4409 1188 4474; x_wconf 85' lang='lat' dir='ltr'>dicitur.¹</span> <span class='ocrx_word' id='word_1_332' title='bbox 1206 4409 1260 4464; x_wconf 77' lang='lat' dir='ltr'>Eu</span> <span class='ocrx_word' id='word_1_333' title='bbox 1277 4425 1332 4484; x_wconf 84' lang='lat' dir='ltr'>quo</span> <span class='ocrx_word' id='word_1_334' title='bbox 1349 4409 1472 4484; x_wconf 67' lang='lat' dir='ltr'>Hiero&#39;·⁴</span> <span class='ocrx_word' id='word_1_335' title='bbox 1541 4441 1544 4446; x_wconf 92' lang='lat'>·</span> 
     </span>
     <span class='ocr_line' id='line_1_38' title="bbox 296 4483 1495 4574; baseline 0.008 -30"><span class='ocrx_word' id='word_1_336' title='bbox 296 4507 406 4564; x_wconf 82' lang='lat' dir='ltr'>aymus</span> <span class='ocrx_word' id='word_1_337' title='bbox 424 4493 639 4566; x_wconf 84' lang='lat' dir='ltr'>animadvertit,</span> <span class='ocrx_word' id='word_1_338' title='bbox 659 4494 746 4550; x_wconf 88' lang='lat' dir='ltr'>aliter</span> <span class='ocrx_word' id='word_1_339' title='bbox 763 4495 798 4552; x_wconf 87' lang='lat' dir='ltr'>de</span> <span class='ocrx_word' id='word_1_340' title='bbox 814 4495 950 4570; x_wconf 89' lang='lat' dir='ltr'>paradisi</span> <span class='ocrx_word' id='word_1_341' title='bbox 961 4496 1135 4572; x_wconf 89' lang='lat' dir='ltr'>fluminibus</span> <span class='ocrx_word' id='word_1_342' title='bbox 1152 4497 1374 4574; x_wconf 80' lang='lat' dir='ltr'>intellegendum</span> <span class='ocrx_word' id='word_1_343' title='bbox 1391 4491 1432 4553; x_wconf 63' lang='lat' dir='ltr'>a?</span> <span class='ocrx_word' id='word_1_344' title='bbox 1461 4521 1463 4526; x_wconf 52' lang='lat'><strong><em>¹</em></strong></span> <span class='ocrx_word' id='word_1_345' title='bbox 1491 4483 1495 4491; x_wconf 44' lang='lat'>¹</span> 
     </span>
    </p>
   </div>
   <div class='ocr_carea' id='block_1_8' title="bbox 0 0 1726 5132">
    <p class='ocr_par' dir='ltr' id='par_1_13' title="bbox 0 0 1726 5132">
     <span class='ocr_line' id='line_1_39' title="bbox 0 0 1726 5132; baseline 0 3"><span class='ocrx_word' id='word_1_346' title='bbox 0 0 1726 5132; x_wconf 95' lang='lat' dir='ltr'> </span> 
     </span>
    </p>
   </div>
  </div>
 </body>
</html>
