3444 5132
384 851 428 905 ot
454 851 586 906 statio
609 852 685 908 SlVE
714 853 758 907 ot
782 853 1057 910 commutantis
1080 854 1312 912 ΥΕΗΘΙΗΑΝΙΒ

307 1333 443 1410 Scholia
466 1338 510 1407 ad
533 1338 660 1430 Vergili
679 1337 843 1428 carmina,
876 1361 963 1431 quae
991 1337 1086 1412 Servi
1111 1339 1251 1410 nomine
1283 1340 1427 1410 circum-

263 1461 430 1546 feruntur,
460 1484 529 1531 non
563 1461 679 1532 omnia
713 1463 867 1532 eiusdem
895 1463 1043 1532 auctoris
1075 1486 1147 1534 esse
1178 1481 1281 1556 atque
1309 1467 1427 1534 aetatis

190 1578 192 1581 ’
265 1607 369 1655 nemo
382 1585 532 1678 ignorat:
555 1585 590 1655 in
609 1603 703 1655 tanta
721 1609 802 1656 vero
825 1609 942 1656 rerum
966 1587 1133 1680 farragine
1156 1588 1240 1678 quid
1272 1588 1316 1657 ad
1346 1586 1426 1661 Ser-

263 1708 357 1779 vium
381 1712 433 1780 vel
456 1710 501 1779 ad
523 1709 721 1780 scholiastas
740 1711 831 1780 illius
851 1710 920 1780 lere
938 1711 1055 1781 aetatis
1079 1710 1314 1800 referendum,
1344 1712 1426 1802 quid

201 1879 202 1884 κ
262 1856 326 1926 pro
347 1832 586 1936 additamentis
610 1855 650 1903 ex
673 1833 902 1926 posteriorum
917 1823 1219 1926 grammaticorum
1237 1835 1425 1906 aliorumve
1467 1831 1469 1835 ’

261 1955 355 2028 libris
380 1957 578 2028 habendum
601 1956 654 2042 sit,
681 1955 814 2028 difficile
837 1974 887 2027 est
910 1957 1019 2045 dictu3
1044 1957 1167 2027 desunt
1199 1957 1292 2028 enim
1313 1960 1426 2028 adhuc

263 2079 470 2150 adminicula
496 2081 575 2150 satis
599 2082 710 2169 firma,
733 2104 821 2171 quae
831 2080 944 2150 critica
963 2103 1018 2149 ars
1038 2081 1255 2173 suppeditare
1271 2084 1340 2152 iam
1360 2084 1424 2152 du-

262 2203 347 2272 dum
372 2203 527 2274 debebat.
555 2203 715 2276 Subsidia
738 2219 852 2274 tamen
881 2203 981 2272 nobis
1007 2202 1119 2292 obvia,
1145 2205 1352 2297 perpolitum
1375 2205 1426 2275 in-

259 2324 378 2417 primis
393 2323 477 2394 illud
496 2325 769 2418 Vergilianorum
788 2326 996 2396 scholiorum
1016 2327 1188 2420 specimen
1209 2328 1301 2418 quod
1321 2329 1425 2398 Thilo

263 2447 367 2518 edidit
390 2472 506 2520 annno
543 2449 630 2520 1856
660 2467 692 2520 et
717 2450 865 2522 Danielis
896 2449 993 2524 Servi
1018 2449 1214 2535 editionem,
1247 2470 1424 2545 propterea

261 2575 400 2668 neglexi,
427 2575 521 2667 quod
543 2598 621 2645 cum
641 2598 811 2668 perpauca
827 2599 866 2646 ea
882 2577 949 2645 sint
969 2576 1022 2646 vix
1042 2575 1230 2668 quidquam
1250 2577 1425 2648 conferant

259 2700 302 2768 ad
320 2698 549 2768 extricandam
569 2715 723 2768 nostram
737 2701 779 2769 de
794 2697 912 2772 Servio
929 2700 1052 2772 Isidori
1066 2699 1158 2769 fonte
1175 2698 1426 2790 quaestionem3·

151 2910 153 2915 Ι
261 2822 331 2890 sola
351 2820 450 2912 igitur
470 2820 582 2890 Lionii
606 2843 729 2908 parum
752 2823 866 2892 critica
891 2821 1039 2892 editione
1063 2821 1216 2891 nitimur.

305 2944 397 3012 lnter
421 2943 516 3015 Servi
536 2946 628 3014 locos
642 2965 722 3013 cum
743 2945 876 3015 Isidoro
891 2944 1128 3015 convenientes
1148 2968 1217 3015 non
1242 2944 1342 3038 pauci
1364 2970 1422 3016 oc-

260 3083 412 3156 currunt,
440 3066 499 3159 qui
517 3083 631 3160 aperte
654 3091 723 3138 non
742 3069 786 3137 ad
809 3069 967 3141 Servium
991 3069 1171 3162 pertinent,
1206 3069 1265 3139 sed
1294 3093 1332 3140 ex
1358 3071 1422 3141 isi-

261 3194 345 3264 doro
359 3191 393 3261 in
414 3193 622 3264 scholiorum
633 3196 677 3264 ad
691 3195 879 3288 Vergilium
894 3219 1018 3289 corpus
1037 3196 1189 3266 translati
1208 3212 1299 3266 sunt.
1315 3195 1424 3266 Cuius

260 3317 390 3408 generis
409 3341 448 3387 ea
463 3341 708 3412 saepenumero
724 3321 881 3391 videntur
899 3345 984 3411 esse,
1006 3344 1093 3412 quae
1103 3319 1235 3390 uncinis
1249 3322 1423 3412 quadratis

260 3444 274 3528 [
294 3441 308 3526 ]
328 3439 636 3539 inclusalleguntur,
654 3443 734 3533 quia
752 3442 787 3513 in
807 3443 964 3536 plurimis
984 3443 1158 3514 codicibus
1173 3399 1420 3514 desideranair:

260 3563 302 3632 de
312 3561 364 3632 his
378 3578 492 3632 tamen
504 3563 590 3638 locis
601 3587 643 3634 ne
657 3565 749 3636 idern
767 3589 902 3658 semper
915 3568 1101 3636 sentiamus
1113 3568 1219 3636 multa
1239 3583 1318 3638 sunt
1336 3589 1423 3657 quae

255 3708 322 3778 ¹nos
341 3703 510 3757 moveant.
532 3687 716 3782 Originum
735 3691 827 3760 enim
838 3691 941 3760 verba
952 3713 1033 3762 curn
1049 3692 1114 3760 illis
1129 3690 1211 3760 locis
1227 3708 1422 3784 comparata

258 3831 327 3878 non
354 3812 458 3879 semel
476 3812 723 3904 demonstrant,
746 3813 988 3907 Hispalensem
1007 3813 1205 3906 episcopum
1225 3830 1284 3883 aut
1303 3815 1423 3884 eadem
1461 3851 1464 3862 ·

257 3948 316 3999 aut
338 3933 459 4003 similia
479 3934 596 4027 legisse
614 3935 779 4008 incodice
793 3937 1068 4030 Vergilianorum
1088 3936 1299 4007 scholiorum
1318 3960 1420 4028 quem

259 4057 515 4129 exscribendum
535 4059 599 4130 sibi
617 4080 853 4154 proposuerat,
874 4087 943 4133 non
969 4063 1072 4133 semel
1092 4085 1230 4154 quoque
1249 4062 1347 4134 nobis
1370 4062 1386 4131 l
1406 4103 1420 4116 -

257 4182 398 4252 tendum
422 4202 483 4274 est,
506 4187 701 4278 posterioris
716 4189 938 4260 additamenti
952 4190 1100 4283 speciem
1119 4213 1159 4260 ea
1170 4211 1251 4282 prae
1267 4212 1302 4260 se
1317 4189 1419 4278 ferre,

257 4326 344 4395 quae
374 4308 506 4378 uncinis
533 4309 662 4380 inclusa
687 4312 809 4384 Servio
833 4313 958 4383 inserta
994 4331 1085 4383 sunt.
1111 4313 1421 4383 Verumenimvero

256 4446 386 4499 certum
417 4431 458 4501 de
483 4432 523 4502 iis
548 4435 713 4506 iudicium
732 4435 876 4526 proferri
903 4461 972 4508 non
994 4454 1124 4531 potest,
1156 4439 1240 4507 dum
1264 4437 1420 4507 codicum
