3444 5132
839 327 975 384 ,61-

321 433 411 520 rent:
440 470 590 537 quotum
623 446 779 537 inprimis
811 447 934 515 erravit
960 447 1031 534 ipse
1055 448 1231 516 Webetus
1264 447 1299 516 in
1329 450 1491 523 disserta-

320 572 412 640 tione
439 595 455 632 «
475 569 516 636 de
531 567 770 658 interpretibus
789 555 921 637 Lucani
936 595 951 630 >t
971 569 1035 638 sub
1055 567 1113 636 fin.
1136 571 1201 636 vol..
1223 569 1278 638 III
1298 593 1334 662 p,
1352 572 1488 662 vsqa,

319 718 424 785 quem
446 711 581 762 secutus
597 693 646 760 H.
664 695 807 760 Kettner
822 691 1074 780 (Varronisclte
1092 691 1254 779 Studien,
1279 693 1489 764 Halie1865

308 827 355 908 p.
383 819 437 902 14)
464 815 498 882 in
522 816 671 884 eundem
687 835 838 882 errorem
863 812 992 882 incidit.

305 964 306 972 ¹
365 939 520 1008 Tantum
538 958 618 1005 vero
641 937 749 1022 abest,
772 953 809 1004 ut
833 939 867 1004 in
892 938 955 1005 hac
980 937 1021 1022 de
1048 936 1173 1004 Isidori
1196 937 1347 1006 sontibus
1362 938 1491 1032 disqui-

320 1057 442 1132 sitione
456 1057 601 1126 omnino
614 1057 821 1148 neglegenda
836 1080 909 1126 esse
924 1079 1082 1126 censeam
1101 1057 1229 1127 scholia
1245 1058 1280 1124 in
1295 1061 1489 1150 Lucanum,

321 1199 359 1251 ut
381 1197 550 1270 quatenus
575 1182 793 1250 vetustiorem
816 1203 936 1249 eorum
963 1197 1095 1271 partem
1116 1179 1270 1249 Isidorus
1298 1183 1492 1252 adhibuerit

322 1304 595 1396 investigandum
614 1326 686 1371 esse
705 1302 905 1390 existimem,
926 1325 1006 1373 cum
1022 1287 1307 1376 verisimillimum
1322 1304 1488 1390 videatur,

320 1427 505 1520 Originum
525 1415 619 1496 libris
630 1426 793 1496 contineri
805 1426 1040 1496 commentarii
1054 1427 1233 1499 cuiusdam
1253 1427 1288 1496 in
1309 1430 1490 1498 Lucanum

321 1551 516 1642 particulas.
544 1551 594 1618 De
616 1550 758 1639 antiquo
782 1549 872 1617 enim
895 1548 1025 1617 Lucani
1050 1549 1231 1640 interprete
1255 1551 1403 1620 dubitari
1420 1575 1490 1622 non

321 1696 433 1764 posse,
465 1671 671 1763 Hieronymi
687 1690 811 1752 wcontra
835 1673 1002 1742 Rufinum
1027 1671 1129 1742 verba
1155 1650 1438 1761 declarantivol.
1455 1676 1488 1743 II

321 1784 356 1886 p.
378 1817 446 1885 472
470 1797 502 1866 Α
528 1797 581 1864 ed.
603 1796 780 1883 VaIIars.):
802 1822 818 1857 a
838 1795 933 1864 Puto
953 1823 968 1858 u
988 1794 1098 1884 inquit
1121 1797 1245 1886 «quod
1255 1819 1345 1886 puer
1358 1797 1492 1891 legeris

320 1917 432 2006 Aspri
454 1917 490 1984 iu
519 1915 718 2006 Virgilium
743 1927 779 1984 et
793 1915 1004 1986 Sallustium
1022 1917 1300 1995 commentarios,
1333 1915 1491 1986 Vulcatii

322 2038 358 2106 iu
377 2039 556 2108 orationes
571 2038 766 2116 Ciceronis,
791 2037 970 2108 Victorini
988 2039 1024 2106 iu
1039 2038 1203 2130 dialogos
1216 2039 1302 2136 eius,
1318 2051 1352 2108 et
1368 2041 1404 2108 iu
1423 2039 1487 2111 Te-

322 2160 432 2228 rentii
457 2160 651 2230 comoedias
668 2161 909 2252 praeceptoris
937 2160 1004 2228 mei
1029 2160 1176 2238 Donati,
1202 2183 1305 2252 aeque
1333 2162 1370 2230 in
1403 2161 1488 2230 Vir·
1533 2158 1536 2168 ’

316 2281 450 2372 gilium
469 2294 503 2350 et
526 2281 680 2351 aliorum
705 2283 740 2350 iu
759 2283 862 2370 alios,
883 2282 1246 2366 Plautumm'delicet,
1267 2285 1488 2372 Lucretium,

319 2404 497 2493 Flaccum,
523 2405 687 2474 Persium
715 2418 818 2497 atque
842 2409 1126 2476 Lucanum».
1151 2406 1267 2495 Quale
1291 2430 1371 2476 vero
1390 2409 1491 2480 fuerit

319 2528 605 2596 commentarium
621 2529 703 2596 illud
718 2530 812 2618 quod
824 2528 1028 2622 Hieronymi
1045 2544 1152 2598 aetate
1167 2530 1318 2599 exstabat
1331 2548 1363 2598 et
1371 2547 1488 2601 utrum

321 2673 424 2722 exeo
451 2651 604 2742 Isidorus
628 2674 690 2720 sua
715 2652 847 2742 petierit
882 2675 942 2720 nec
978 2675 1037 2736 ne,
1062 2653 1164 2742 plane
1197 2675 1260 2722 nos
1289 2655 1417 2722 nescire
1438 2654 1455 2724 f
1469 2626 1489 2706 ⁸-

320 2774 463 2842 tendum
487 2790 548 2842 est.

365 2899 529 2964 Attamen
549 2898 613 2964 hoc
629 2897 731 2964 veliin
750 2898 1014 2985 animadvertas,
1033 2897 1242 2966 scholiorum
1257 2899 1292 2967 in
1308 2901 1488 2970 Lucanum

283 3005 285 3008 ⁵
320 3041 464 3110 corpora
487 3041 574 3110 quae
594 3020 703 3100 nobis„
717 3037 901 3116 supersunt
919 3043 999 3089 cum
1022 3037 1138 3108 aperte
1157 3020 1243 3092 inter
1273 3043 1309 3089 se
1333 3022 1490 3092 differant

320 3165 381 3213 nec
404 3143 524 3212 eadem
543 3160 649 3214 aetate
673 3144 863 3234 conscripta
888 3168 960 3214 esse
983 3145 1127 3236 possint,
1152 3146 1222 3214 fere
1256 3151 1372 3218 omnia
1403 3169 1487 3216 con-

318 3264 425 3334 tinere
447 3265 631 3356 particulas
656 3267 838 3354 quasdam,
865 3290 952 3356 quae
976 3271 1068 3358 apud
1090 3267 1263 3366 Isidorum
1288 3267 1411 3339 iisdem
1433 3272 1485 3344 vel

320 3386 490 3456 similibus
501 3388 611 3461 verbis
623 3392 776 3476 redeunt,
795 3390 841 3458 ita
862 3391 1012 3480 quidem,
1029 3406 1066 3458 ut
1086 3412 1173 3483 quae
1188 3389 1223 3458 in
1233 3391 1373 3482 singulis
1388 3414 1485 3460 com·

319 3511 494 3598 meutariis
512 3535 593 3582 cum
619 3513 752 3582 Isidoro
775 3514 988 3584 consentiant
1006 3535 1076 3584 non
1096 3515 1234 3584 eaedem
1259 3537 1406 3607 semper,
1428 3518 1487 3585 sed
1516 3513 1517 3516 ’

319 3657 382 3724 pro
403 3636 561 3704 varietate
580 3639 908 3706 commentariorum
932 3638 1084 3708 diversae
1103 3640 1307 3730 plerumque
1327 3641 1393 3712 sint
1418 3663 1484 3724 res,

318 3781 530 3848 quamquam
562 3762 726 3832 nonnulla
753 3761 856 3832 etiam
888 3762 1050 3831 omnibus
1077 3763 1287 3832 scholiorum
1320 3764 1488 3833 recensio·

318 3881 419 3950 nibus
438 3881 636 3950 communia
651 3900 731 3950 sunt
744 3905 824 3952 cum
836 3884 981 3954 Isidoro.
1003 3883 1107 3970 Quae
1121 3906 1201 3952 cum
1217 3886 1262 3952 ita
1274 3875 1311 3953 'se
1322 3885 1484 3979 habeant,

317 4005 389 4074 fieri
412 4028 481 4078 non
506 4023 615 4096 potest
634 4007 717 4097 quin
741 4031 953 4091 censeamus,
980 4007 1153 4078 Isidorum
1177 4029 1213 4076 re
1234 4030 1314 4076 vera
1327 4008 1484 4078 hausisse

319 4151 358 4196 ex
382 4147 491 4210 vetere
510 4131 545 4199 in
571 4133 750 4200 Lucanum
772 4132 1031 4218 commentariO,
1049 4133 1091 4201 de
1108 4154 1177 4220 quo
1192 4131 1333 4220 quidem
1356 4149 1485 4208 certam

239 4342 241 4346 γ
319 4254 519 4322 sententiam
533 4254 756 4344 pronuntiare
776 4256 951 4334 nonlicet:
976 4256 1099 4324 desunt
1115 4253 1208 4325 enirn
1220 4255 1346 4347 adhuc,
1368 4254 1485 4323 sinon

317 4373 525 4445 scholiorum
545 4376 580 4446 in
596 4377 776 4446 Lucanum
791 4377 908 4468 ingens
925 4377 993 4448 fere
1006 4380 1125 4466 moles,
1144 4377 1353 4448 adminicula
1367 4394 1485 4461 tamen

1436 4550 1451 4584 1
