3444 5132
812 363 843 374 ..
862 335 929 389 9...

333 457 434 548 Quid
457 477 537 526 vero
556 455 597 524 de
616 452 657 523 iis
676 453 889 524 sentiendum
909 431 970 540 est,
992 475 1078 542 quae
1096 461 1168 524 'non
1186 455 1299 524 solunt
1320 456 1354 524 in
1368 457 1449 530 Ori·
1537 435 1541 446 ’

241 557 242 560 ¹
286 580 520 678 ginibus,‚sed
552 579 587 650 in
616 577 755 668 reliquis
787 577 890 646 etiam
913 575 1036 646 Isidori
1064 579 1159 646 libris
1187 577 1308 648 iisdem
1339 581 1451 651 verbis

285 728 444 800 expressa
466 706 620 774 exstant?
641 704 770 774 Utrum
790 723 830 770 ea
860 700 1013 770 Isidorus
1039 725 1078 772 ex
1097 701 1162 771 illis
1191 702 1287 772 libris
1311 703 1345 772 in
1366 706 1449 798 Ety-

236 853 237 856 ’
285 830 513 923 mologiarum
533 828 685 898 codicem
704 825 913 898 transtulerit
931 845 993 894 nec
1021 848 1075 914 ne,
1107 847 1175 896 non
1197 827 1291 922 parvi
1312 829 1450 920 quidem

247 929 256 1050 ἦ
286 951 452 1024 momenti
471 973 534 1044 pro
553 964 669 1022 nostra
694 949 735 1018 de
762 946 914 1018 lontibus
943 947 1180 1040 disquisitione
1204 949 1337 1020 videtur
1363 975 1448 1038 esse,

287 1077 332 1148 ad
346 1076 581 1169 quaestionem
594 1095 676 1142 vero
690 1072 888 1142 solvendam
904 1070 990 1140 nihil
1004 1071 1147 1141 omnino
1163 1072 1316 1142 conferre
1329 1091 1450 1166 potest,

287 1200 368 1292 quia
388 1200 416 1267 si
435 1199 481 1268 ita
499 1215 586 1268 esset
604 1197 803 1267 innumeras
821 1195 1004 1288 particulas
1024 1195 1060 1264 in
1078 1195 1279 1286 Originibus
1308 1197 1450 1268 babere-

286 1345 375 1411 mus,
404 1335 552 1416 quarum
576 1321 760 1414 primarius
785 1320 862 1390 fons
885 1321 1014 1414 lateret,
1039 1320 1120 1390 Non
1150 1319 1269 1390 eadem
1289 1343 1369 1390 sane
1388 1322 1452 1391 fuit

286 1447 450 1539 quaestio,
477 1467 561 1516 num
581 1467 621 1517 ea
639 1463 804 1536 tanquam
823 1444 934 1514 fontes
959 1444 1153 1536 recipienda
1171 1461 1283 1518 essent
1305 1466 1393 1534 quae
1416 1445 1451 1516 in

286 1571 373 1642 libro
396 1569 618 1638 «denatura
642 1589 758 1636 rerum
781 1595 796 1630 n
820 1588 900 1636 cum
919 1565 1121 1657 Originibus
1145 1565 1329 1658 concinunt
1340 1583 1350 1638 :¹
1370 1591 1451 1638 narn

284 1715 364 1764 cum
382 1690 515 1784 plenius
534 1692 736 1784 plerumque
755 1689 822 1758 illic
840 1712 894 1758 res
914 1705 1088 1760 enarratae
1105 1690 1172 1761 siut
1191 1711 1295 1780 quam
1314 1689 1349 1763 in
1368 1689 1449 1762 Ori·

284 1817 430 1908 ginibus‚
452 1817 521 1903 iam
539 1813 595 1882 alii
615 1837 685 1882 non
715 1812 958 1882 dubitaverunt
980 1795 1215 1904 pronuntiare,
1239 1813 1415 1885 Isidorum
1433 1837 1451 1884 e

285 1940 371 2014 libro
398 1943 440 2012 de
472 1957 593 2008 natura
623 1959 739 2008 rerum
769 1937 877 2006 multa
905 1935 1118 2008 transtulisse
1144 1939 1178 2007 in
1206 1936 1397 2029 Origines(
1423 1941 1448 2028 ).

289 2063 406 2154 Quod
416 2086 497 2133 vero
521 2060 733 2154 adreliquos
753 2059 875 2131 Isidori
905 2060 1010 2131 libros
1029 2061 1158 2147 attinet,
1179 2059 1235 2130 vix
1259 2083 1300 2132 eo
1329 2085 1448 2156 perue-¹

205 2159 209 2167 Ι
285 2188 356 2262 nire
376 2209 438 2256 nos
456 2184 752 2282 possefatendum
771 2201 834 2268 est,
856 2201 892 2254 ut
913 2202 1004 2256 certo
1033 2185 1186 2276 quodam
1211 2185 1317 2256 modo
1339 2183 1451 2256 dicere

247 2313 249 2318 ’
283 2305 469 2402 possimus,
491 2326 550 2378 aut
568 2307 685 2377 omnia
698 2323 758 2376 aut
771 2321 903 2398 partem
919 2327 1039 2386 eorum
1055 2329 1143 2397 quae
1156 2329 1237 2382 cunr
1250 2306 1450 2398 Originibus

184 2439 185 2442 ’
277 2433 412 2502 faciunt
434 2431 503 2505 illic
523 2454 597 2502 esse
625 2447 771 2523 recepta.
801 2431 1096 2526 Etymologiarutn
1125 2430 1218 2503 enirn
1249 2430 1354 2502 libros
1386 2431 1448 2503 itu·

195 2579 198 2584 ’
284 2557 450 2648 perlectos
488 2553 664 2646 reliquisse
697 2553 869 2626 Isidorum
899 2574 979 2622 cum
1012 2553 1102 2630 diem
1136 2574 1337 2646 supremum
1368 2555 1451 2626 obiit

282 2697 433 2766 constat:
459 2679 630 2752 nescimus
652 2702 733 2750 vero
764 2697 797 2748 et
825 2680 1000 2770 quomodo
1030 2679 1065 2751 in
1088 2678 1307 2751 conficiendis
1333 2678 1448 2771 Origi-

283 2805 384 2873 nibus
402 2821 555 2874 versatus
577 2805 620 2872 sit
643 2820 676 2872 et
689 2803 839 2904 ¹quando
862 2818 1022 2897 coeptum
1042 2803 1085 2870 sit
1109 2825 1208 2894 opus,
1234 2803 1308 2891 etsi,
1334 2820 1372 2872 ut
1395 2804 1449 2872 di·
1541 2895 1544 2901 Ι
1655 2873 1658 2882 ,

284 2926 420 3012 ximus,
461 2926 757 3018 Etymologiarum
793 2924 870 2994 libri
908 2925 1096 2994 multorum
1122 2918 1308 2996 'annorum
1347 2928 1450 2998 studii

283 3051 412 3120 fructus
443 3051 600 3118 videntur
635 3037 720 3137 esse,
748 3051 977 3140 volumenque
1015 3049 1102 3118 inter
1135 3050 1315 3141 legendum
1348 3068 1450 3146 atque

283 3173 502 3245 scribendum
524 3173 701 3266 paullatim
722 3173 865 3244 crevisse
883 3173 1043 3246 credibile
1061 3190 1123 3244 est.
1146 3175 1334 3244 Particulas
1349 3175 1450 3268 igitur

283 3316 316 3367 et
335 3297 370 3366 in
386 3296 585 3389 Originibus
605 3313 636 3366 et
651 3298 685 3366 in
700 3297 838 3388 reliquis
857 3297 951 3368 libris
971 3296 1088 3366 obvias
1103 3297 1137 3366 in
1154 3298 1449 3391 Etymologiarum

282 3395 434 3490 codicem
453 3421 573 3502 eodem
592 3405 734 3490 fortasse
753 3438 906 3512 tempore
932 3419 1086 3490 Isidorus
1112 3420 1250 3525 rettulit,
1281 3444 1350 3514 quo
1370 3424 1447 3492 reli-

283 3567 370 3635 quos
384 3543 489 3614 libros
507 3543 724 3636 conscripsit:
745 3560 780 3613 at
807 3525 887 3613 uero
910 3544 938 3613 si
970 3542 1048 3634 quis
1077 3537 1174 3614 aliter
1204 3544 1327 3617 sentiat
1348 3560 1381 3614 et
1403 3545 1449 3614 ita

282 3667 440 3760 Origines
464 3667 627 3750 exstitisse
649 3669 842 3756 contendat,
869 3684 906 3736 ut
933 3684 1092 3760 coeptum
1116 3667 1185 3736 iam
1210 3687 1297 3754 opus
1330 3685 1448 3760 rogatu

233 3885 236 3890 1
285 3791 478 3864 Braulionis
510 3791 604 3860 brevi
634 3791 798 3883 temporis
830 3791 939 3885 spatio
967 3815 1007 3862 ex
1036 3791 1197 3863 omnibus
1230 3789 1332 3861 simul
1361 3814 1447 3883 quos

284 3921 438 3990 Isidorus
473 3925 713 4006 composuerat
738 3917 832 3987 libris
862 3934 1000 4020 auctum
1029 3916 1073 3986 sit
1101 3934 1203 4008 atque
1230 3915 1445 4010 ampliatum,

283 4095 434 4102 -n--n———a—

315 4212 353 4283 (1)
373 4213 418 4271 Cf.
441 4215 475 4272 G.
497 4213 620 4271 Beckeri
648 4213 778 4287 prolegg.
805 4213 843 4269 ad
870 4212 938 4269 isid.
960 4213 995 4270 de
1022 4223 1128 4270 natura
1156 4201 1260 4269 rerum
1285 4210 1447 4284 (Berolini,

284 4299 359 4373 1857]
379 4321 408 4375 p.
423 4321 508 4360 xxur:
526 4326 539 4350 «ι
555 4305 635 4376 Quas
657 4302 687 4359 in
715 4301 853 4376 OrIgines
872 4320 887 4358 e
907 4301 986 4358 libro
1008 4301 1045 4358 de*
1063 4314 1167 4358 natura
1185 4319 1284 4358 rerum
1304 4318 1377 4378 quae
1395 4319 1448 4358 no·

280 4397 340 4442 tatu
358 4389 448 4462 digna
466 4388 572 4448 habuit
590 4391 759 4464 saepissime
778 4390 939 4458 transtulit,
959 4406 1166 4464 nonnusquam
1185 4391 1313 4447 aliorum
1332 4407 1448 4480 quoque

279 4477 429 4534 sententiis
447 4477 563 4549 additis,
586 4497 654 4537 raro
674 4483 808 4554 neglecto
828 4480 884 4538 hoc
903 4478 982 4536 libro
1001 4495 1122 4553 prorsus
1141 4477 1254 4538 diversa
1273 4480 1381 4537 docens
1393 4503 1418 4535 n.

1401 4587 1413 4620 ‘I
