3444 5132
776 325 808 338 ..
827 295 861 354 lo
878 328 911 340 -

261 417 456 488 Maeotidis
473 416 629 509 paludis,
654 416 747 508 quod
771 436 867 484 marc
890 436 932 484 ex
955 413 1372 507 multitudine-aquarum
1391 425 1426 486 et

260 541 445 630 fluminum
462 541 602 612 dulcius
619 563 723 633 quam
749 552 862 612 cetero
887 540 1148 632 nebulosumque
1167 551 1199 610 et
1219 541 1357 612 breuius
1376 544 1421 632 n).

262 665 374 736 Verba
393 666 485 736 enim
508 693 523 730 a
544 682 681 734 mare...
701 663 842 734 dulcius
860 685 961 754 quant
981 673 1094 734 cetera
1119 693 1135 729 n
1157 664 1310 734 cumbis
1333 667 1425 762 apud

261 789 417 862 Servium
442 804 621 860 occurrant
642 811 695 858 ex
728 787 889 860 Sallustio
908 789 958 878 (1)
982 806 1130 879 cumque
1151 787 1209 858 alii
1231 810 1271 858 ex
1304 789 1425 858 eodem
1528 797 1531 804 '

259 913 353 984 fonte
379 913 419 982 iis
446 911 568 984 similia
601 910 790 982 rettulerint
823 926 978 980 auctores
1003 911 1065 1000 (a),
1106 911 1236 1001 reliqua
1269 933 1350 981 vcro
1383 912 1456 995 de-¹

234 1071 236 1076 ¹
263 1037 477 1111 multitudine
509 1039 693 1108 fluminum
715 1029 826 1127 'atque
860 1037 902 1105 de
926 1035 1092 1106 nebulosa
1117 1053 1150 1105 et
1173 1036 1268 1106 brevi
1300 1035 1422 1106 natura

263 1183 432 1252 nusquam
451 1161 520 1231 fere
535 1158 866 1252 reperiantursimili
887 1159 991 1229 modo
1010 1157 1096 1227 inter
1115 1181 1151 1228 se
1169 1159 1421 1250 coniuncta(l)‚

261 1284 326 1356 nisi
350 1287 442 1375 quod
468 1285 560 1376 apud
583 1283 817 1376 Pomponium
842 1285 973 1354 Melam
995 1303 1097 1374 quem
1120 1283 1272 1354 isidorus
1295 1281 1425 1352 iontem

262 1431 332 1480 non
362 1409 519 1480 adhibuit
548 1410 631 1479 haec
663 1407 871 1501 legantur(1
906 1411 1052 1500 §¹102):
1087 1435 1102 1470 κ
1134 1406 1266 1495 breuis,
1301 1419 1434 1496 atron,¹
1549 1445 1552 1452 ·

262 1529 454 1619 nebulosus,
477 1531 575 1600 roris
593 1530 854 1616 stationibus»,
880 1531 949 1600 iam
972 1531 1125 1600 conicere
1146 1531 1231 1619 licet,
1253 1531 1340 1601 hanc
1360 1553 1423 1622 pa-

262 1657 470 1747 ragraphum
485 1655 671 1726 maximam
685 1671 818 1743 partem
832 1655 876 1724 ad
889 1653 1091 1727 Sallustium
1105 1677 1178 1724 esse
1196 1654 1422 1726 referendam.
1509 1675 1515 1690 ·

266 1779 372 1866 Quae
404 1780 596 1850 coniectura
632 1797 806 1872 praeterea
844 1777 922 1850 inde
956 1780 1191 1864 confirmatur,
1226 1781 1320 1870 quod
1357 1780 1425 1849 fere
1505 1837 1507 1842 .

261 1903 377 1972 omnia
400 1919 486 1994 quae
511 1903 553 1973 de
592 1904 735 1974 Pontico
758 1904 845 1973 mari
871 1905 919 1974 ab
954 1903 1087 1973 Isidoro
1123 1905 1305 1974 traduntur
1332 1906 1425 1995 apud

260 2017 491 2097 Ammianum
515 2051 652 2120 quoque
680 2030 752 2117 (22,
780 2027 814 2117 8,
839 2029 898 2116 46.
923 2029 984 2120 47)
1012 2029 1063 2118 (4)
1087 2027 1239 2097 similiter
1268 2049 1425 2120 expressa

258 2149 426 2242 leguntur,
445 2170 551 2242 quem
573 2151 607 2221 in
634 2153 689 2220 his
712 2152 815 2234 rebus
838 2149 1037 2220 enarrandis
1073 2173 1113 2222 ex
1147 2150 1309 2222 Sallustio
1333 2173 1423 2241 quo·

261 2275 447 2361 dammodo
470 2276 618 2366 pendere
636 2276 681 2344 V.
699 2275 941 2346 Gardthausen
965 2296 1073 2366 nuper
1095 2274 1341 2366 demonstravit
1358 2278 1410 2366 (5)

258 2476 263 2480 ‚
309 2397 419 2486 Quod
441 2415 522 2468 vero
552 2399 596 2468 ad
624 2392 753 2487 re'liqua
791 2395 914 2467 Isidori
944 2398 1049 2467 verba
1079 2398 1196 2467 attinet
1234 2425 1250 2460 a
1280 2400 1376 2471 uncle-
1393 2411 1426 2469 et

262 2522 447 2592 Ponticum
479 2533 660 2612 uocatum,
689 2524 783 2614 quod
815 2522 869 2592 sit
898 2521 1035 2592 breuius
1064 2533 1167 2614 atquc
1194 2523 1263 2613 (εο)
1282 2537 1427 2616 praeter

263 2758 414 2770 -n—-au—

296 2878 337 2948 (1)
356 2878 435 2934 Serv.
455 2876 493 2934 ad
511 2885 585 2938 Aen.
608 2879 631 2946 Ι,
651 2877 719 2938 iffi:
732 2899 753 2930 a
780 2877 831 2934 Sic
849 2875 1023 2945 Sallustius:
1041 2877 1142 2952 Ipsum
1167 2891 1249 2936 mare
1272 2877 1426 2937 Ponticum

260 2964 373 3021 dulcius
391 2983 478 3038 quam
497 2975 592 3023 cetera
608 2985 634 3038 »3
654 2967 689 3022 ad
710 2967 783 3022 Aen.
806 2968 847 3036 tu,
870 2967 934 3023 143:
950 2989 964 3015 a
985 2965 1055 3023 Tale
1073 2976 1116 3023 est
1133 2975 1162 3024 et
1181 2965 1252 3023 iliud
1273 2965 1425 3023 Sallustia-

261 3071 347 3108 num:
362 3071 443 3109 mare
458 3054 612 3111 Ponticum
626 3053 739 3110 dulcius
753 3065 840 3128 quam
852 3064 947 3112 cetera
959 3077 985 3112 n.

295 3143 336 3216 (a)
351 3142 387 3198 V.
403 3142 551 3210 Kritzium
576 3143 614 3200 ad
636 3142 740 3217 fragm.
756 3141 787 3196 51
804 3141 874 3199 libri
896 3143 953 3212 ill,
979 3143 1030 3217 qui
1057 3144 1177 3218 quidem
1193 3142 1301 3201 isidoti
1326 3145 1424 3201 locum

261 3229 396 3302 ignorare
410 3229 537 3289 videtur.

273 3308 396 3389 (3)(Ϊῇ
413 3318 488 3375 Plin.
504 3316 531 3390 9,
547 3321 589 3376 49.
647 3337 666 3409 ’ὁ

297 3407 338 3478 (4)
358 3430 371 3456 ⁴«
394 3405 497 3466 Omnis
515 3418 612 3464 autem
640 3409 812 3486 circumfluo
835 3393 946 3467 amiitu
970 3410 1080 3468 Pontus
1105 3421 1133 3467 et
1157 3410 1308 3468 nebulosus
1332 3419 1375 3467 est
1399 3418 1427 3466 et

260 3490 372 3549 dulcior
390 3512 548 3569 aequorum
566 3496 669 3553 ceteris
684 3506 712 3552 et
729 3496 862 3570 undosus,
878 3496 952 3573 quoti
964 3507 992 3554 et
1005 3497 1162 3555 concrescit
1173 3513 1226 3555 aer
1238 3515 1278 3554 ex
1293 3513 1427 3554 umorum

259 3581 419 3655 spiramine
436 3600 522 3658 saepe
540 3583 682 3655 densatus,
695 3595 724 3642 et
737 3585 914 3643 inruentium
934 3586 1077 3645 undarum
1096 3588 1300 3664 magnitudine
1319 3598 1427 3664 tempe·

259 3678 353 3744 ratur,
379 3679 407 3726 et
431 3671 583 3746 consurgit
610 3671 638 3728 in
664 3673 762 3731 breuia
788 3682 933 3747 tortuosa,
959 3674 1062 3733 limum
1087 3676 1244 3752 globosque
1268 3675 1427 3752 adgerente

168 3791 170 3796 ,
259 3757 443 3814 multitudine
462 3759 748 3818 circumvenientium
760 3762 951 3839 fluentorum.
978 3773 1006 3821 et
1024 3774 1134 3823 constat
1152 3766 1188 3836 ab
1207 3765 1319 3824 ultimis
1337 3761 1428 3820 nostri

253 3845 366 3919 finibus
390 3849 482 3905 maris
505 3849 684 3924 agminatim
708 3851 747 3908 ad
769 3852 843 3908 hunc
865 3869 1012 3910 secessum
1035 3855 1171 3928 pariendi
1200 3853 1302 3930 gratia
1327 3861 1428 3928 petere

256 3933 363 4007 pisces,
383 3945 414 3992 ut
432 3954 574 4022 aquarum
591 3939 736 3997 suauitate
758 3940 905 3998 salubrius
924 3943 1007 4018 fetus
1032 3943 1155 4000 educunt
1182 3943 1210 3999 in
1236 3941 1429 4018 receptaculis

260 4019 370 4080 cauis...
391 4025 487 4079 securi
505 4025 654 4083 voracium
674 4026 841 4085 beluarum:
867 4028 941 4085 nihil
965 4031 1042 4086 enim
1069 4032 1097 4087 in
1120 4031 1212 4088 Ponto
1237 4032 1323 4088 huius
1349 4029 1428 4087 modi

259 4108 415 4182 aliquando
433 4121 476 4171 est
494 4112 599 4186 uisum,
613 4124 736 4190 praeter
754 4115 888 4173 innoxios
907 4117 1057 4193 delphinas
1076 4129 1104 4176 et
1119 4125 1226 4194 paruos
1239 4141 1266 4177 n.

295 4201 335 4274 (5)
353 4224 366 4250 «
379 4201 437 4258 Die
450 4203 704 4279 geographischen
720 4205 840 4275 Quellen
860 4207 1014 4266 Ammians
1029 4233 1042 4258 n
1060 4209 1091 4265 in
1106 4209 1315 4278 «Fleckeisen,
1335 4209 1427 4268 tatr—
1483 4261 1484 4266 ,

258 4287 430 4431 genens&
442 4291 527 4350 class.
542 4292 708 4424 Phizlogie
721 4319 746 4364 n,
755 4297 795 4352 Vl
812 4295 1086 4370 Supplementbaad
1100 4299 1173 4358 1872.
1188 4300 1253 4358 1873
1268 4317 1297 4373 p·
1316 4301 1368 4357 549
1381 4317 1424 4373 sq·

325 4395 367 4451 sq.
727 4411 731 4422 ·
1263 4433 1268 4442 .
